
@article{briggs1993efficient,
  title={An efficient representation for sparse sets},
    author={Briggs, Preston and Torczon, Linda},
      journal={ACM Letters on Programming Languages and Systems (LOPLAS)},
        volume={2},
          number={1-4},
            pages={59--69},
              year={1993},
                publisher={ACM}
}

@article{ahuja1993network,
  title={Network flows: theory, algorithms, and applications},
    author={Ahuja, Ravindra K and Magnanti, Thomas L and Orlin, James B},
      year={1993},
        publisher={Prentice hall}
}

@article{madduri2006parallel,
  title={Parallel shortest path algorithms for solving large-scale instances},
    author={Madduri, Kamesh and Bader, David A and Berry, Jonathan W and Crobak, Joseph R},
      year={2006},
        publisher={Georgia Institute of Technology}
}


@inproceedings{zalewski2014distributed,
  title={Distributed control: priority scheduling for single source shortest paths without synchronization},
    author={Zalewski, Marcin and Kanewala, Thejaka Amila and Firoz, Jesun Sahariar and Lumsdaine, Andrew},
      booktitle={Proceedings of the 4th Workshop on Irregular Applications: Architectures and Algorithms},
        pages={17--24},
          year={2014},
            organization={IEEE Press}
}

@inproceedings{fidel2014kla,
  title={KLA: a new algorithmic paradigm for parallel graph computations},
    author={Fidel, Adam and Amato, Nancy M and Rauchwerger, Lawrence and others},
      booktitle={Proceedings of the 23rd international conference on Parallel architectures and compilation},
        pages={27--38},
          year={2014},
            organization={ACM}
}

@inproceedings{panitanarak2014performance,
  title={Performance analysis of single-source shortest path algorithms on distributed-memory systems},
    author={Panitanarak, Thap and Madduri, Kamesh},
      booktitle={CSC14: The Sixth SIAM Workshop on Combinatorial Scientific Computing},
        pages={60},
          year={2014}
}

@article{lesnikovperformance,
  title={Performance analysis of $\Delta$-stepping algorithm on CPU and GPU},
    author={Lesnikov, Dmitry and Chernoskutov, Mikhail}
}

@inproceedings{zalewski2015declarative,
  title={Declarative Patterns for Imperative Distributed Graph Algorithms},
    author={Zalewski, Marcin and Edmonds, Nicholas and Lumsdaine, Andrew},
      booktitle={Parallel and Distributed Processing Symposium Workshop (IPDPSW), 2015 IEEE International},
        pages={796--803},
          year={2015},
            organization={IEEE}
}

@inproceedings{wang2016sssp,
  title={SSSP on GPU Without Atomic Operation},
    author={Wang, Feng and Zhu, Liehuang and Zhang, Changyou},
      booktitle={International Conference on Human Centered Computing},
        pages={409--419},
          year={2016},
            organization={Springer}
}

@inproceedings{rutgers2016powerful,
  title={Powerful and efficient bulk shortest-path queries: cypher language extension \& Giraph implementation},
    author={Rutgers, Peter and Martella, Claudio and Voulgaris, Spyros and Boncz, Peter},
      booktitle={Proceedings of the Fourth International Workshop on Graph Data Management Experiences and Systems},
        pages={6},
          year={2016},
            organization={ACM}
}

@inproceedings{firoz2015comparison,
  title={Comparison Of Single Source Shortest Path Algorithms On Two Recent Asynchronous Many-task Runtime Systems},
    author={Firoz, Jesun Sahariar and Barnas, Martina and Zalewski, Marcin and Lumsdaine, Andrew},
      booktitle={Parallel and Distributed Systems (ICPADS), 2015 IEEE 21st International Conference on},
        pages={674--681},
          year={2015},
            organization={IEEE}
}

@inproceedings{crobak2007advanced,
  title={Advanced shortest paths algorithms on a massively-multithreaded architecture},
    author={Crobak, Joseph R and Berry, Jonathan W and Madduri, Kamesh and Bader, David A},
      booktitle={2007 IEEE International Parallel and Distributed Processing Symposium},
        pages={1--8},
          year={2007},
            organization={IEEE}
}

@article{rutgers2015extending,
  title={Extending the Lighthouse graph engine for shortest path queries},
    author={Rutgers, Peter and Boncz, Peter and Voulgaris, Spyros and Martella, Claudio},
      year={2015}
}

@article{kanewala2016abstract,
  title={Abstract Graph Machine},
    author={Kanewala, Thejaka Amila and Zalewski, Marcin and Lumsdaine, Andrew},
      journal={arXiv preprint arXiv:1604.04772},
        year={2016}
}

@article{huang2012new,
  title={A new synchronization in parallel shortest paths analysis for massive road networks},
    author={HUANG, Yuefeng and ZHONG, Ershun},
      journal={Geo-spatial Information Science},
        volume={15},
          number={1},
            pages={43--49},
              year={2012},
                publisher={Taylor \& Francis}
}

@phdthesis{pearce2013scalable,
  title={Scalable Parallel Algorithms for Massive Scale-free Graphs},
    author={Pearce, Roger Allan},
      year={2013},
        school={Texas A\&M University}
}

@inproceedings{meyer2000parallel,
  title={Parallel shortest path for arbitrary graphs},
    author={Meyer, Ulrich and Sanders, Peter},
      booktitle={European Conference on Parallel Processing},
        pages={461--470},
          year={2000},
            organization={Springer}
}

@article{baggio2007gpgpu,
  title={GPGPU based image segmentation livewire algorithm implementation},
    author={Baggio, Daniel L{\'e}lis},
      journal={Master's Thesis. Aeronautical Institute of Technology, S{\~a}o Jos{\'e} dos Campos},
        year={2007}
}

@inproceedings{hassaan2011ordered,
  title={Ordered vs. unordered: a comparison of parallelism and work-efficiency in irregular algorithms},
    author={Hassaan, Muhammad Amber and Burtscher, Martin and Pingali, Keshav},
      booktitle={ACM SIGPLAN Notices},
        volume={46},
          number={8},
            pages={3--12},
              year={2011},
                organization={ACM}
}

@inproceedings{willcock2010am++,
  title={AM++: A generalized active message framework},
    author={Willcock, Jeremiah James and Hoefler, Torsten and Edmonds, Nicholas Gerard and Lumsdaine, Andrew},
      booktitle={Proceedings of the 19th international conference on Parallel architectures and compilation techniques},
        pages={401--410},
          year={2010},
            organization={ACM}
}

@inproceedings{pankratius2008software,
  title={Software engineering for multicore systems: an experience report},
    author={Pankratius, Victor and Schaefer, Christoph and Jannesari, Ali and Tichy, Walter F},
      booktitle={Proceedings of the 1st international workshop on Multicore software engineering},
        pages={53--60},
          year={2008},
            organization={ACM}
}

@inproceedings{palossi2016exploring,
  title={Exploring Single Source Shortest Path Parallelization on Shared Memory Accelerators},
    author={Palossi, Daniele and Marongiu, Andrea},
      booktitle={Proceedings of the 19th International Workshop on Software and Compilers for Embedded Systems},
        pages={197--200},
          year={2016},
            organization={ACM}
}

@inproceedings{edmonds2013expressing,
  title={Expressing graph algorithms using generalized active messages},
    author={Edmonds, Nicholas and Willcock, Jeremiah and Lumsdaine, Andrew},
      booktitle={Proceedings of the 27th international ACM conference on International conference on supercomputing},
        pages={283--292},
          year={2013},
            organization={ACM}
}

@inproceedings{edmonds2010space,
  title={A space-efficient parallel algorithm for computing betweenness centrality in distributed memory},
    author={Edmonds, Nick and Hoefler, Torsten and Lumsdaine, Andrew},
      booktitle={2010 International Conference on High Performance Computing},
        pages={1--10},
          year={2010},
            organization={IEEE}
}

@inproceedings{madduri2007experimental,
  title={An experimental study of a parallel shortest path algorithm for solving large-scale graph instances},
    author={Madduri, Kamesh and Bader, David A and Berry, Jonathan W and Crobak, Joseph R},
      booktitle={Proceedings of the Meeting on Algorithm Engineering \& Expermiments},
        pages={23--35},
          year={2007},
            organization={Society for Industrial and Applied Mathematics}
}

@article{dijkstra1959note,
  title={A note on two problems in connexion with graphs},
    author={Dijkstra, Edsger W},
      journal={Numerische mathematik},
        volume={1},
          number={1},
            pages={269--271},
              year={1959},
                publisher={Springer}
}




@article{gjertsen1996parallel,
  title={Parallel heuristics for improved, balanced graph colorings},
    author={Gjertsen Jr, Robert K and Jones, Mark T and Plassmann, Paul E},
      journal={Journal of Parallel and Distributed Computing},
        volume={37},
          number={2},
            pages={171--186},
              year={1996},
                publisher={Elsevier}
}


@article{luby1986simple,
  title={A simple parallel algorithm for the maximal independent set problem},
    author={Luby, Michael},
      journal={SIAM journal on computing},
        volume={15},
          number={4},
            pages={1036--1053},
              year={1986},
                publisher={SIAM}
}


@inproceedings{boman2005scalable_,
  title={A scalable parallel graph coloring algorithm for distributed memory computers},
    author={Boman, Erik G and Bozda{\u{g}}, Doruk and Catalyurek, Umit and Gebremedhin, Assefaw H and Manne, Fredrik},
      booktitle={European Conference on Parallel Processing},
        pages={241--251},
          year={2005},
            organization={Springer}
}


@inproceedings{diks1986fast,
  title={A fast parallel algorithm for six-colouring of planar graphs},
    author={Diks, Krzysztof},
      booktitle={International Symposium on Mathematical Foundations of Computer Science},
        pages={273--282},
          year={1986},
            organization={Springer}
}


@article{lipton1978batching,
  title={A batching method for coloring planar graphs},
    author={Lipton, Richard J and Miller, Raymond E},
      journal={Information Processing Letters},
        volume={7},
          number={4},
            pages={185--188},
              year={1978},
                publisher={Elsevier}
}


@article{jones1993parallel,
  title={A parallel graph coloring heuristic},
    author={Jones, Mark T and Plassmann, Paul E},
      journal={SIAM Journal on Scientific Computing},
        volume={14},
          number={3},
            pages={654--669},
              year={1993},
                publisher={SIAM}
}


@inproceedings{green2014fast,
  title={Fast triangle counting on the GPU},
    author={Green, Oded and Yalamanchili, Pavan and Mungu{\'\i}a, Llu{\'\i}s-Miquel},
      booktitle={Proceedings of the 4th Workshop on Irregular Applications: Architectures and Algorithms},
        pages={1--8},
          year={2014},
            organization={IEEE Press}
}


@article{polak2015counting,
  title={Counting triangles in large graphs on GPU},
    author={Polak, Adam},
      journal={arXiv preprint arXiv:1503.00576},
        year={2015}
}

@inproceedings{bader2004fast,
  title={A fast, parallel spanning tree algorithm for symmetric multiprocessors},
    author={Bader, David A and Cong, Guojing},
      booktitle={Parallel and Distributed Processing Symposium, 2004. Proceedings. 18th International},
        pages={38},
          year={2004},
            organization={IEEE}
}

@inproceedings{chung1996parallel,
  title={Parallel implementation of Bouvka's minimum spanning tree algorithm},
    author={Chung, Sun and Condon, Anne},
      booktitle={Parallel Processing Symposium, 1996., Proceedings of IPPS'96, The 10th International},
        pages={302--308},
          year={1996},
            organization={IEEE}
}

@article{moussa2013new,
  title={A new parallel algorithm for computing Minimum Spanning Tree},
    author={Moussa, Mahmoud I and Badr, EM},
      journal={International Journal of Soft Computing, Mathematics and Control},
        volume={2},
          number={2},
            year={2013}
}

@article{zaroliagis1997simple,
  title={Simple and work-efficient parallel algorithms for the minimum spanning tree problem},
    author={Zaroliagis, Christos D},
      journal={Parallel processing letters},
        volume={7},
          number={01},
            pages={25--37},
              year={1997},
                publisher={World Scientific}
}














@inproceedings{bader2006parallel,
  title={Parallel algorithms for evaluating centrality indices in real-world networks},
    author={Bader, David A and Madduri, Kamesh},
      booktitle={2006 International Conference on Parallel Processing (ICPP'06)},
        pages={539--550},
          year={2006},
            organization={IEEE}
}

@article{shimbel1953structural,
  title={Structural parameters of communication networks},
    author={Shimbel, Alfonso},
      journal={The bulletin of mathematical biophysics},
        volume={15},
          number={4},
            pages={501--507},
              year={1953},
                publisher={Springer}
}

@article{arifuzzaman2014parallel,
  title={Parallel Algorithms for Counting Triangles in Networks with Large Degrees},
    author={Arifuzzaman, Shaikh and Khan, Maleq and Marathe, Madhav},
      journal={arXiv preprint arXiv:1406.5687},
        year={2014}
}

@inproceedings{coppersmith1987matrix,
  title={Matrix multiplication via arithmetic progressions},
    author={Coppersmith, Don and Winograd, Shmuel},
      booktitle={Proceedings of the nineteenth annual ACM symposium on Theory of computing},
        pages={1--6},
          year={1987},
            organization={ACM}
}

@inproceedings{schank2005finding,
  title={Finding, counting and listing all triangles in large graphs, an experimental study},
    author={Schank, Thomas and Wagner, Dorothea},
      booktitle={International Workshop on Experimental and Efficient Algorithms},
        pages={606--609},
          year={2005},
            organization={Springer}
}

@article{tsourakakis2011spectral,
  title={Spectral counting of triangles via element-wise sparsification and triangle-based link recommendation},
    author={Tsourakakis, Charalampos E and Drineas, Petros and Michelakis, Eirinaios and Koutis, Ioannis and Faloutsos, Christos},
      journal={Social Network Analysis and Mining},
        volume={1},
          number={2},
            pages={75--81},
              year={2011},
                publisher={Springer}
}

@article{kang2014heigen,
  title={Heigen: Spectral analysis for billion-scale graphs},
    author={Kang, U and Meeder, Brendan and Papalexakis, Evangelos E and Faloutsos, Christos},
      journal={IEEE Transactions on knowledge and data engineering},
        volume={26},
          number={2},
            pages={350--362},
              year={2014},
                publisher={IEEE}
}

@article{tsourakakis2011triangle,
  title={Triangle Sparsifiers.},
    author={Tsourakakis, Charalampos E and Kolountzakis, Mihail N and Miller, Gary L},
      journal={J. Graph Algorithms Appl.},
        volume={15},
          number={6},
            pages={703--726},
              year={2011}
}

@inproceedings{bulucc2011parallel,
  title={Parallel breadth-first search on distributed memory systems},
    author={Bulu{\c{c}}, Aydin and Madduri, Kamesh},
      booktitle={Proceedings of 2011 International Conference for High Performance Computing, Networking, Storage and Analysis},
        pages={65},
          year={2011},
            organization={ACM}
}

@inproceedings{azad2015parallel,
  title={Parallel triangle counting and enumeration using matrix algebra},
    author={Azad, Ariful and Bulu{\c{c}}, Aydin and Gilbert, John},
      booktitle={Parallel and Distributed Processing Symposium Workshop (IPDPSW), 2015 IEEE International},
        pages={804--811},
          year={2015},
            organization={IEEE}
}

@book{schank2004approximating,
  title={Approximating clustering-coefficient and transitivity},
    author={Schank, Thomas and Wagner, Dorothea},
      year={2004},
        publisher={Universit{\"a}t Karlsruhe, Fakult{\"a}t f{\"u}r Informatik}
}

@article{alon1997finding,
  title={Finding and counting given length cycles},
    author={Alon, Noga and Yuster, Raphael and Zwick, Uri},
      journal={Algorithmica},
        volume={17},
          number={3},
            pages={209--223},
              year={1997},
                publisher={Springer}
}

@inproceedings{arifuzzaman2013patric,
  title={PATRIC: A parallel algorithm for counting triangles in massive networks},
    author={Arifuzzaman, Shaikh and Khan, Maleq and Marathe, Madhav},
      booktitle={Proceedings of the 22nd ACM international conference on Information \& Knowledge Management},
        pages={529--538},
          year={2013},
            organization={ACM}
}

@article{latapy2008main,
  title={Main-memory triangle computations for very large (sparse (power-law)) graphs},
    author={Latapy, Matthieu},
      journal={Theoretical Computer Science},
        volume={407},
          number={1},
            pages={458--473},
              year={2008},
                publisher={Elsevier}
}

@article{latapy2006theory,
  title={Theory and practice of triangle problems in very large (sparse (power-law)) graphs},
    author={Latapy, Matthieu},
      journal={arXiv preprint cs/0609116},
        year={2006}
}

@article{tsourakakis2011counting,
  title={Counting triangles in real-world networks using projections},
    author={Tsourakakis, Charalampos E},
      journal={Knowledge and Information Systems},
        volume={26},
          number={3},
            pages={501--520},
              year={2011},
                publisher={Springer}
}

@article{tsourakakisfast,
  title={Fast Counting of Triangles in Large Real Networks: Algorithms and Laws},
    author={Tsourakakis, Charalampos E},
      journal={cis. temple. edu},
        pages={608--617}
}

@article{haveliwala2003second,
  title={The second eigenvalue of the Google matrix},
    author={Haveliwala, Taher and Kamvar, Sepandar},
      journal={Stanford University Technical Report},
        year={2003},
          publisher={Stanford}
}

@inproceedings{tsourakakis2009doulion,
  title={Doulion: counting triangles in massive graphs with a coin},
    author={Tsourakakis, Charalampos E and Kang, U and Miller, Gary L and Faloutsos, Christos},
      booktitle={Proceedings of the 15th ACM SIGKDD international conference on Knowledge discovery and data mining},
        pages={837--846},
          year={2009},
            organization={ACM}
}

@inproceedings{suri2011counting,
  title={Counting triangles and the curse of the last reducer},
    author={Suri, Siddharth and Vassilvitskii, Sergei},
      booktitle={Proceedings of the 20th international conference on World wide web},
        pages={607--614},
          year={2011},
            organization={ACM}
}

@article{schank2007algorithmic,
  title={Algorithmic aspects of triangle-based network analysis},
    author={Schank, Thomas},
      journal={Phd in computer science, University Karlsruhe},
        volume={3},
          year={2007}
}

@inproceedings{fidel2012stapl,
  title={The stapl parallel graph library},
    author={Fidel, Adam and Amato, Nancy M and Rauchwerger, Lawrence and others},
      booktitle={International Workshop on Languages and Compilers for Parallel Computing},
        pages={46--60},
          year={2012},
            organization={Springer}
}

@inproceedings{fu2014parallel,
  title={Parallel breadth first search on GPU clusters},
  author={Fu, Zhisong and Dasari, Harish Kumar and Bebee, Bradley and Berzins, Martin and Thompson, Bryan},
  booktitle={Big Data (Big Data), 2014 IEEE International Conference on},
  pages={110--118},
  year={2014},
  organization={IEEE}
}

@inproceedings{agarwal2010scalable,
  title={Scalable graph exploration on multicore processors},
    author={Agarwal, Virat and Petrini, Fabrizio and Pasetto, Davide and Bader, David A},
      booktitle={Proceedings of the 2010 ACM/IEEE International Conference for High Performance Computing, Networking, Storage and Analysis},
        pages={1--11},
          year={2010},
            organization={IEEE Computer Society}
}

@inproceedings{yoo2005scalable,
  title={A scalable distributed parallel breadth-first search algorithm on BlueGene/L},
    author={Yoo, Andy and Chow, Edmond and Henderson, Keith and McLendon, William and Hendrickson, Bruce and Catalyurek, Umit},
      booktitle={Supercomputing, 2005. Proceedings of the ACM/IEEE SC 2005 Conference},
        pages={25--25},
          year={2005},
            organization={IEEE}
}

@inproceedings{shun2014simple,
  title={A simple and practical linear-work parallel algorithm for connectivity},
    author={Shun, Julian and Dhulipala, Laxman and Blelloch, Guy},
      booktitle={Proceedings of the 26th ACM symposium on Parallelism in algorithms and architectures},
        pages={143--153},
          year={2014},
            organization={ACM}
}

@inproceedings{salihoglu2013gps,
  title={GPS: a graph processing system},
    author={Salihoglu, Semih and Widom, Jennifer},
      booktitle={Proceedings of the 25th International Conference on Scientific and Statistical Database Management},
        pages={22},
          year={2013},
            organization={ACM}
}

@article{schaeffer2007graph,
  title={Graph clustering},
    author={Schaeffer, Satu Elisa},
      journal={Computer science review},
        volume={1},
          number={1},
            pages={27--64},
              year={2007},
                publisher={Elsevier}
}

@inproceedings{greiner1994comparison,
  title={A comparison of parallel algorithms for connected components},
    author={Greiner, John},
      booktitle={Proceedings of the sixth annual ACM symposium on Parallel algorithms and architectures},
        pages={16--25},
          year={1994},
            organization={ACM}
}

@inproceedings{buehrer2008scalable,
  title={A scalable pattern mining approach to web graph compression with communities},
    author={Buehrer, Gregory and Chellapilla, Kumar},
      booktitle={Proceedings of the 2008 International Conference on Web Search and Data Mining},
        pages={95--106},
          year={2008},
            organization={ACM}
}

@article{xin2014graphx,
  title={GraphX: Unifying data-parallel and graph-parallel analytics},
    author={Xin, Reynold S and Crankshaw, Daniel and Dave, Ankur and Gonzalez, Joseph E and Franklin, Michael J and Stoica, Ion},
      journal={arXiv preprint arXiv:1402.2394},
        year={2014}
}

@article{conway2011succinct,
  title={Succinct data structures for assembling large genomes},
    author={Conway, Thomas C and Bromage, Andrew J},
      journal={Bioinformatics},
        volume={27},
          number={4},
            pages={479--486},
              year={2011},
                publisher={Oxford Univ Press}
}

@inproceedings{anastopoulos2009early,
  title={Early experiences on accelerating Dijkstra's algorithm using transactional memory},
    author={Anastopoulos, Nikos and Nikas, Konstantinos and Goumas, Georgios and Koziris, Nectarios},
      booktitle={Parallel \& Distributed Processing, 2009. IPDPS 2009. IEEE International Symposium on},
        pages={1--8},
          year={2009},
            organization={IEEE}
}

@article{zhong2014medusa,
  title={Medusa: Simplified graph processing on GPUs},
    author={Zhong, Jianlong and He, Bingsheng},
      journal={IEEE Transactions on Parallel and Distributed Systems},
        volume={25},
          number={6},
            pages={1543--1552},
              year={2014},
                publisher={IEEE}
}

@article{kepner2016mathematical,
  title={Mathematical Foundations of the GraphBLAS},
    author={Kepner, Jeremy and Aaltonen, Peter and Bader, David and Bulu{\c{c}}, Ayd{\i}n and Franchetti, Franz and Gilbert, John and Hutchison, Dylan and Kumar, Manoj and Lumsdaine, Andrew and Meyerhenke, Henning and others},
      journal={arXiv preprint arXiv:1606.05790},
        year={2016}
}

@inproceedings{wu2010reconstruction,
  title={Reconstruction from Randomized Graph via Low Rank Approximation},
    author={Wu, Leting and Ying, Xiaowei and Wu, Xintao},
      booktitle={SDM},
        volume={28},
          pages={60--71},
            year={2010},
              organization={SIAM}
}

@article{guo2008determining,
  title={Determining error bounds for spectral filtering based reconstruction methods in privacy preserving data mining},
    author={Guo, Songtao and Wu, Xintao and Li, Yingjiu},
      journal={Knowledge and information systems},
        volume={17},
          number={2},
            pages={217--240},
              year={2008},
                publisher={Springer}
}

@inproceedings{xia2014graph,
  title={Explore efficient data organization for large scale graph analytics and storage},
    author={Xia, Yinglong and Tanase, Ilie Gabriel and Nai, Lifeng and Tan, Wei and Liu, Yanbin and Crawford, Jason and Lin, Ching-Yung},
      booktitle={Big Data (Big Data), 2014 IEEE International Conference on},
        pages={942--951},
          year={2014},
            organization={IEEE}
}

@inproceedings{kyrola2012graphchi,
  title={GraphChi: large-scale graph computation on just a PC},
    author={Kyrola, Aapo and Blelloch, Guy and Guestrin, Carlos},
      booktitle={Presented as part of the 10th USENIX Symposium on Operating Systems Design and Implementation (OSDI 12)},
        pages={31--46},
          year={2012}
}
@article{low2014graphlab,
  title={Graphlab: A new framework for parallel machine learning},
    author={Low, Yucheng and Gonzalez, Joseph E and Kyrola, Aapo and Bickson, Danny and Guestrin, Carlos E and Hellerstein, Joseph},
      journal={arXiv preprint arXiv:1408.2041},
        year={2014}
}

@article{haveliwala1999efficient,
  title={Efficient computation of PageRank},
    author={Haveliwala, Taher},
      year={1999},
        publisher={Stanford}
}

@inproceedings{vineet2008cuda,
  title={CUDA cuts: Fast graph cuts on the GPU},
    author={Vineet, Vibhav and Narayanan, PJ},
      booktitle={Computer Vision and Pattern Recognition Workshops, 2008. CVPRW'08. IEEE Computer Society Conference on},
        pages={1--8},
          year={2008},
            organization={IEEE}
}

@inproceedings{randall2002link,
  title={The link database: Fast access to graphs of the web},
    author={Randall, Keith H and Stata, Raymie and Wickremesinghe, Rajiv G and Wiener, Janet L},
      booktitle={Data Compression Conference, 2002. Proceedings. DCC 2002},
        pages={122--131},
          year={2002},
            organization={IEEE}
}

@inproceedings{ainsworth2016graph,
  title={Graph Prefetching Using Data Structure Knowledge},
    author={Ainsworth, Sam and Jones, Timothy M},
      booktitle={Proceedings of the 2016 International Conference on Supercomputing},
        pages={39},
          year={2016},
            organization={ACM}
}

@inproceedings{raghavan2003representing,
  title={Representing web graphs},
    author={Raghavan, Sriram and Garcia-Molina, Hector},
      booktitle={Data Engineering, 2003. Proceedings. 19th International Conference on},
        pages={405--416},
          year={2003},
            organization={IEEE}
}

@inproceedings{capotua2015graphalytics,
  title={Graphalytics: A big data benchmark for graph-processing platforms},
    author={Capot{\u{a}}, Mihai and Hegeman, Tim and Iosup, Alexandru and Prat-P{\'e}rez, Arnau and Erling, Orri and Boncz, Peter},
      booktitle={Proceedings of the GRADES'15},
        pages={7},
          year={2015},
            organization={ACM}
}

@inproceedings{leskovec2005graphs,
  title={Graphs over time: densification laws, shrinking diameters and possible explanations},
    author={Leskovec, Jure and Kleinberg, Jon and Faloutsos, Christos},
      booktitle={Proceedings of the eleventh ACM SIGKDD international conference on Knowledge discovery in data mining},
        pages={177--187},
          year={2005},
            organization={ACM}
}

@misc{granula,
  author={{??}},
  title={{\textsf{Granula}}},
  note={available at: \url{https://github.com/tudelft-atlarge/granula}},
  @month={September},
  year={2016},
}

@inproceedings{schiller2015efficient,
  title={Efficient data structures for dynamic graph analysis},
    author={Schiller, Benjamin and Castrillon, Jeronimo and Strufe, Thorsten},
      booktitle={2015 11th International Conference on Signal-Image Technology \& Internet-Based Systems (SITIS)},
        pages={497--504},
          year={2015},
            organization={IEEE}
}

@inproceedings{chakaravarthy2014scalable1,
  title={Scalable single source shortest path algorithms for massively parallel systems},
    author={Chakaravarthy, Venkatesan T and Checconi, Fabio and Petrini, Fabrizio and Sabharwal, Yogish},
      booktitle={Parallel and Distributed Processing Symposium, 2014 IEEE 28th International},
        pages={889--901},
          year={2014},
            organization={IEEE}
}


### SPARSIFICATION

@article{batson2012twice,
  title={Twice-ramanujan sparsifiers},
    author={Batson, Joshua and Spielman, Daniel A and Srivastava, Nikhil},
      journal={SIAM Journal on Computing},
        volume={41},
          number={6},
            pages={1704--1721},
              year={2012},
                publisher={SIAM}
}

@article{Batson:2013:SSG:2492007.2492029,
 author = {Batson, Joshua and Spielman, Daniel A. and Srivastava, Nikhil and Teng, Shang-Hua},
  title = {Spectral Sparsification of Graphs: Theory and Algorithms},
   journal = {Commun. ACM},
    issue_date = {August 2013},
     volume = {56},
      number = {8},
       month = aug,
        year = {2013},
         issn = {0001-0782},
          pages = {87--94},
           numpages = {8},
            url = {http://doi.acm.org/10.1145/2492007.2492029},
             doi = {10.1145/2492007.2492029},
              acmid = {2492029},
               publisher = {ACM},
                address = {New York, NY, USA},
} 

@article{peleg1989optimal,
  title={An optimal synchronizer for the hypercube},
    author={Peleg, David and Ullman, Jeffrey D},
      journal={SIAM Journal on computing},
        volume={18},
          number={4},
            pages={740--747},
              year={1989},
                publisher={SIAM}
}

@article{althofer1993sparse,
  title={On sparse spanners of weighted graphs},
    author={Alth{\"o}fer, Ingo and Das, Gautam and Dobkin, David and Joseph, Deborah and Soares, Jos{\'e}},
      journal={Discrete \& Computational Geometry},
        volume={9},
          number={1},
            pages={81--100},
              year={1993},
                publisher={Springer}
}

@inproceedings{abraham2012using,
  title={Using petal-decompositions to build a low stretch spanning tree},
    author={Abraham, Ittai and Neiman, Ofer},
      booktitle={Proceedings of the forty-fourth annual ACM symposium on Theory of computing},
        pages={395--406},
          year={2012},
            organization={ACM}
}

@article{spielman2011spectral,
  title={Spectral sparsification of graphs},
    author={Spielman, Daniel A and Teng, Shang-Hua},
      journal={SIAM Journal on Computing},
        volume={40},
          number={4},
            pages={981--1025},
              year={2011},
                publisher={SIAM}
}

@article{spielman2011graph,
  title={Graph sparsification by effective resistances},
    author={Spielman, Daniel A and Srivastava, Nikhil},
      journal={SIAM Journal on Computing},
        volume={40},
          number={6},
            pages={1913--1926},
              year={2011},
                publisher={SIAM}
}

@inproceedings{allen2015spectral,
  title={Spectral sparsification and regret minimization beyond matrix multiplicative updates},
    author={Allen-Zhu, Zeyuan and Liao, Zhenyu and Orecchia, Lorenzo},
      booktitle={Proceedings of the Forty-Seventh Annual ACM on Symposium on Theory of Computing},
        pages={237--245},
          year={2015},
            organization={ACM}
}

@inproceedings{koutis2012improved,
  title={Improved spectral sparsification and numerical algorithms for SDD matrices},
    author={Koutis, Ioannis and Levin, Alex and Peng, Richard},
      booktitle={STACS'12 (29th Symposium on Theoretical Aspects of Computer Science)},
        volume={14},
          pages={266--277},
            year={2012},
              organization={LIPIcs}
}

@inproceedings{zouzias2012matrix,
  title={A matrix hyperbolic cosine algorithm and applications},
    author={Zouzias, Anastasios},
      booktitle={International Colloquium on Automata, Languages, and Programming},
        pages={846--858},
          year={2012},
            organization={Springer}
}

@article{hu2013survey,
  title={A survey and taxonomy of graph sampling},
    author={Hu, Pili and Lau, Wing Cheong},
      journal={arXiv preprint arXiv:1308.5865},
        year={2013}
}











##### LOSSY COMPRESSION

@inproceedings{liu2012compressing,
  title={On compressing weighted time-evolving graphs},
    author={Liu, Wei and Kan, Andrey and Chan, Jeffrey and Bailey, James and Leckie, Christopher and Pei, Jian and Kotagiri, Ramamohanarao},
      booktitle={Proceedings of the 21st ACM international conference on Information and knowledge management},
        pages={2319--2322},
          year={2012},
            organization={ACM}
}
































































@article{DBLP:journals/corr/BeamerAP15,
  author    = {Scott Beamer and
                 Krste Asanovic and
                                David A. Patterson},
                                  title     = {The {GAP} Benchmark Suite},
                                    journal   = {CoRR},
                                      volume    = {abs/1508.03619},
                                        year      = {2015},
                                          url       = {http://arxiv.org/abs/1508.03619},
                                            timestamp = {Tue, 01 Sep 2015 14:42:40 +0200},
                                              biburl    = {http://dblp.uni-trier.de/rec/bib/journals/corr/BeamerAP15},
                                                bibsource = {dblp computer science bibliography, http://dblp.org}
}

@inproceedings{Shun:2012:BAP:2312005.2312018,
 author = {Shun, Julian and Blelloch, Guy E. and Fineman, Jeremy T. and Gibbons, Phillip B. and Kyrola, Aapo and Simhadri, Harsha Vardhan and Tangwongsan, Kanat},
  title = {Brief Announcement: The Problem Based Benchmark Suite},
   booktitle = {Proceedings of the Twenty-fourth Annual ACM Symposium on Parallelism in Algorithms and Architectures},
    series = {SPAA '12},
     year = {2012},
      isbn = {978-1-4503-1213-4},
       location = {Pittsburgh, Pennsylvania, USA},
        pages = {68--70},
         numpages = {3},
          url = {http://doi.acm.org/10.1145/2312005.2312018},
           doi = {10.1145/2312005.2312018},
            acmid = {2312018},
             publisher = {ACM},
              address = {New York, NY, USA},
               keywords = {algorithm performance, benchmarking, parallel algorithms},
} 










































@book{diestel2012graph,
  title={Graph theory},
  author={Diestel, Reinhard},
  year={2012},
  publisher={Springer}
}

@article{DBLP:journals/corr/SolomonikH15,
  author    = {Edgar Solomonik and Torsten Hoefler},
  title     = {{Sparse Tensor Algebra as a Parallel Programming Model}},
  journal   = {CoRR},
  volume    = {abs/1512.00066},
  year      = {2015},
  url       = {http://arxiv.org/abs/1512.00066},
  timestamp = {Sat, 02 Jan 2016 11:38:49 +0100},
  biburl    = {http://dblp.uni-trier.de/rec/bib/journals/corr/SolomonikH15},
  bibsource = {dblp computer science bibliography, http://dblp.org}
}

@book{kepner2011graph,
  title={Graph algorithms in the language of linear algebra},
  author={Kepner, Jeremy and Gilbert, John},
  volume={22},
  year={2011},
  publisher={SIAM}
}

@inproceedings{beamer2015gail,
  title={{GAIL: the graph algorithm iron law}},
  author={Beamer, Scott and Asanovi{\'c}, Krste and Patterson, David},
  booktitle={Proceedings of the 5th Workshop on Irregular Applications: Architectures and Algorithms},
  pages={13},
  year={2015},
  organization={ACM}
}

@misc{intel64and,
  title={Intel 64 and IA-32 Architectures Software Developer’s Manual},
  author={{Intel, Inc.}},
  year={2015},
}

@misc{mpi3,
  author={{MPI Forum}},
  title={{\textsf{MPI}: A Message-Passing Interface Standard. Version 3}},
  @note={available at: \@url{http://www.mpi-forum.org} (Sep. 2012)},
  month={September},
  year={2012},
}

@inproceedings{fompi-paper,
  author = {Gerstenberger, R. and Besta, M. and Hoefler, T.},
  title = {{Enabling Highly-scalable Remote Memory Access Programming with MPI-3 One Sided}},
  booktitle = {Proc. of ACM/IEEE Supercomputing},
  series = {SC '13},
  year = {2013},
  isbn = {978-1-4503-2378-9},
  location = {Denver, Colorado},
  pages = {53:1--53:12},
  articleno = {53},
  numpages = {12},
  @url = {http://doi.acm.org/10.1145/2503210.2503286},
  @doi = {10.1145/2503210.2503286},
  acmid = {2503286},
  @publisher = {ACM},
  @address = {New York, NY, USA},
}

@article{valiant1990bridging,
  title={A bridging model for parallel computation},
  author={Valiant, Leslie G},
  journal={Communications of the ACM},
  volume={33},
  number={8},
  pages={103--111},
  year={1990},
  publisher={ACM}
}

@inproceedings{Agarwal:2010:SGE:1884643.1884670,
  author = {Agarwal, Virat and Petrini, Fabrizio and Pasetto, Davide and Bader, David A.},
  title = {{Scalable Graph Exploration on Multicore Processors}},
  booktitle = {Proceedings of the 2010 ACM/IEEE International Conference for High Performance Computing, Networking, Storage and Analysis},
  series = {SC '10},
  year = {2010},
  isbn = {978-1-4244-7559-9},
  pages = {1--11},
  numpages = {11},
  url = {http://dx.doi.org/10.1109/SC.2010.46},
  doi = {10.1109/SC.2010.46},
  acmid = {1884670},
  publisher = {IEEE Computer Society},
  address = {Washington, DC, USA},
} 



@incollection{bader2007approximating,
  title={{Approximating betweenness centrality}},
  author={Bader, David A and Kintali, Shiva and Madduri, Kamesh and Mihail, Milena},
  booktitle={Algorithms and Models for the Web-Graph},
  pages={124--137},
  year={2007},
  publisher={Springer}
}

@inproceedings{Catalyurek:2001:FHM:645609.663255,
  author = {Catalyurek, Umit and Aykanat, Cevdet},
  title = {{A Fine-Grain Hypergraph Model for 2D Decomposition of Sparse Matrices}},
  booktitle = {Proceedings of the 15th International Parallel \&Amp; Distributed Processing Symposium},
  series = {IPDPS '01},
  year = {2001},
  isbn = {0-7695-0990-8},
  pages = {118--},
  url = {http://dl.acm.org/citation.cfm?id=645609.663255},
  acmid = {663255},
  publisher = {IEEE Computer Society},
  address = {Washington, DC, USA},
} 


@article{csardi2006igraph,
  title={{The igraph software package for complex network research}},
  author={Csardi, Gabor and Nepusz, Tamas},
  journal={InterJournal, Complex Systems},
  volume={1695},
  number={5},
  pages={1--9},
  year={2006}
}

@inproceedings{madduri2009faster,
  title={{A faster parallel algorithm and efficient multithreaded implementations for evaluating betweenness centrality on massive datasets}},
  author={Madduri, Kamesh and Ediger, David and Jiang, Karl and Bader, David and Chavarria-Miranda, Daniel and others},
  booktitle={Parallel \& Distributed Processing, 2009. IPDPS 2009. IEEE International Symposium on},
  pages={1--8},
  year={2009},
  organization={IEEE}
}

@inproceedings{suzumura2011performance,
  title={{Performance characteristics of Graph500 on large-scale distributed environment}},
  author={Suzumura, Toyotaro and Ueno, Koji and Sato, Hitoshi and Fujisawa, Katsuki and Matsuoka, Satoshi},
  booktitle={Workload Characterization (IISWC), 2011 IEEE International Symposium on},
  pages={149--158},
  year={2011},
  organization={IEEE}
}

@article{beamer2013direction,
  title={{Direction-optimizing breadth-first search}},
  author={Beamer, Scott and Asanovi{\'c}, Krste and Patterson, David},
  journal={Scientific Programming},
  volume={21},
  number={3-4},
  pages={137--148},
  year={2013},
  publisher={Hindawi Publishing Corporation}
}

@article{green2014branch,
  title={{Branch-Avoiding Graph Algorithms}},
  author={Green, Oded and Dukhan, Marat and Vuduc, Richard},
  journal={arXiv preprint arXiv:1411.1460},
  year={2014}
}

@inproceedings{Ueno:2012:HSG:2287076.2287104,
  author = {Ueno, Koji and Suzumura, Toyotaro},
  title = {{Highly Scalable Graph Search for the Graph500 Benchmark}},
  booktitle = {Proceedings of the 21st International Symposium on High-Performance Parallel and Distributed Computing},
  series = {HPDC '12},
  year = {2012},
  isbn = {978-1-4503-0805-2},
  location = {Delft, The Netherlands},
  pages = {149--160},
  numpages = {12},
  url = {http://doi.acm.org/10.1145/2287076.2287104},
  doi = {10.1145/2287076.2287104},
  acmid = {2287104},
  publisher = {ACM},
  address = {New York, NY, USA},
  keywords = {Graph500, bfs, supercomputer},
} 

@inproceedings{Besta:2015:AIC:2749246.2749263,
  author = {Besta, Maciej and Hoefler, Torsten},
  title = {{Accelerating Irregular Computations with Hardware Transactional Memory and Active Messages}},
  booktitle = {Proceedings of the 24th International Symposium on High-Performance Parallel and Distributed Computing},
  series = {HPDC '15},
  year = {2015},
  isbn = {978-1-4503-3550-8},
  location = {Portland, Oregon, USA},
  pages = {161--172},
  numpages = {12},
  url = {http://doi.acm.org/10.1145/2749246.2749263},
  doi = {10.1145/2749246.2749263},
  acmid = {2749263},
  publisher = {ACM},
  address = {New York, NY, USA},
  keywords = {design, performance},
} 

@inproceedings{gerstenberger2013enabling,
  title={{Enabling highly-scalable remote memory access programming with mpi-3 one sided}},
  author={Gerstenberger, Robert and Besta, Maciej and Hoefler, Torsten},
  booktitle={High Performance Computing, Networking, Storage and Analysis (SC), 2013 International Conference for},
  pages={1--12},
  year={2013},
  organization={IEEE}
}

@article{chatterjee2005comp,
  title={{COMP 203: Parallel and Distributed Computing. PRAM Algorithms}},
  author={Chatterjee, Siddhartha and Prins, Jan},
  journal={Course Notes. Fall},
  year={2005}
}

@article{harris1994survey,
  title={A survey of PRAM simulation techniques},
  author={Harris, Tim J},
  journal={ACM Computing Surveys (CSUR)},
  volume={26},
  number={2},
  pages={187--206},
  year={1994},
  publisher={ACM}
}

@inproceedings{fortune1978parallelism,
  title={{Parallelism in random access machines}},
  author={Fortune, Steven and Wyllie, James},
  booktitle={Proceedings of the tenth annual ACM symposium on Theory of computing},
  pages={114--118},
  year={1978},
  organization={ACM}
}

@article{boruuvka1926jistem,
  title={O jist{\'e}m probl{\'e}mu minim{\'a}ln{\'\i}m},
  author={Boruvka, Otakar},
  year={1926}
}

@inproceedings{satish2014navigating,
  title={Navigating the maze of graph analytics frameworks using massive graph datasets},
  author={Satish, Nadathur and Sundaram, Narayanan and Patwary, Md Mostofa Ali and Seo, Jiwon and Park, Jongsoo and Hassaan, M Amber and Sengupta, Shubho and Yin, Zhaoming and Dubey, Pradeep},
  booktitle={Proceedings of the 2014 ACM SIGMOD international conference on Management of data},
  pages={979--990},
  year={2014},
  organization={ACM}
}

@article{dorogovtsev2006k,
  title={K-core organization of complex networks},
  author={Dorogovtsev, Sergey N and Goltsev, Alexander V and Mendes, Jose Ferreira F},
  journal={Physical review letters},
  volume={96},
  number={4},
  pages={040601},
  year={2006},
  publisher={APS}
}

@incollection{boman2005scalable,
  title={A scalable parallel graph coloring algorithm for distributed memory computers},
  author={Boman, Erik G and Bozda{\u{g}}, Doruk and Catalyurek, Umit and Gebremedhin, Assefaw H and Manne, Fredrik},
  booktitle={Euro-Par 2005 Parallel Processing},
  pages={241--251},
  year={2005},
  publisher={Springer}
}

@inproceedings{prountzos2013betweenness,
  title={{Betweenness centrality: algorithms and implementations}},
  author={Prountzos, Dimitrios and Pingali, Keshav},
  booktitle={ACM SIGPLAN Notices},
  volume={48},
  number={8},
  pages={35--46},
  year={2013},
  organization={ACM}
}

@article{brandes2001faster,
  title={A faster algorithm for betweenness centrality*},
  author={Brandes, Ulrik},
  journal={Journal of Mathematical Sociology},
  volume={25},
  number={2},
  pages={163--177},
  year={2001},
  publisher={Taylor \& Francis}
}

@article{johnson1977efficient,
  title={Efficient algorithms for shortest paths in sparse networks},
  author={Johnson, Donald B},
  journal={Journal of the ACM (JACM)},
  volume={24},
  number={1},
  pages={1--13},
  year={1977},
  publisher={ACM}
}

@article{kranjvcevic2016parallel,
  title={Parallel delta-stepping algorithm for shared memory architectures},
    author={Kranj{\v{c}}evi{\'c}, M and Palossi, D and Pintarelli, S},
      journal={arXiv preprint arXiv:1604.02113},
        year={2016}
}

@article{meyer2003delta,
  title={{$\Delta$-stepping: a parallelizable shortest path algorithm}},
  author={Meyer, Ulrich and Sanders, Peter},
  journal={Journal of Algorithms},
  volume={49},
  number={1},
  pages={114--152},
  year={2003},
  publisher={Elsevier}
}

@inproceedings{gonzalez2012powergraph,
  title={{PowerGraph: Distributed Graph-Parallel Computation on Natural Graphs.}},
  author={Gonzalez, Joseph E and Low, Yucheng and Gu, Haijie and Bickson, Danny and Guestrin, Carlos},
  booktitle={OSDI},
  volume={12},
  number={1},
  pages={2},
  year={2012}
}

@article{gallager1983distributed,
  title={{A distributed algorithm for minimum-weight spanning trees}},
  author={Gallager, Robert G. and Humblet, Pierre A. and Spira, Philip M.},
  journal={ACM Transactions on Programming Languages and systems (TOPLAS)},
  volume={5},
  number={1},
  pages={66--77},
  year={1983},
  publisher={ACM}
}

@inproceedings{Brin:1998:ALH:297805.297827,
  author = {Brin, Sergey and Page, Lawrence},
  title = {{The anatomy of a large-scale hypertextual Web search engine}},
  booktitle = {Proc. of Intl. Conf. on World Wide Web},
  series = {WWW7},
  year = {1998},
  location = {Brisbane, Australia},
  pages = {107--117},
  numpages = {11},
  @url = {http://dl.acm.org/citation.cfm?id=297805.297827},
  acmid = {297827},
  @publisher = {Elsevier Science @publishers B. V.},
  @address = {Amsterdam, The Netherlands, The Netherlands},
  @keywords = {Google, PageRank, World Wide Web, information retrieval, search engines},
} 

@inproceedings{chakrabarti2004r,
  title={{R-MAT: A Recursive Model for Graph Mining.}},
  author={Chakrabarti, Deepayan and Zhan, Yiping and Faloutsos, Christos},
  booktitle={SDM},
  volume={4},
  pages={442--446},
  year={2004},
  organization={SIAM}
}

@inproceedings{borokhovich2010tight,
  title={{Tight bounds for algebraic gossip on graphs}},
  author={Borokhovich, Michael and Avin, Chen and Lotker, Zvi},
  booktitle={Information Theory Proceedings (ISIT), 2010 IEEE International Symposium on},
  pages={1758--1762},
  year={2010},
  organization={IEEE}
}

@article{swamy2013asymptotically,
  title={{An Asymptotically Optimal Push--Pull Method for Multicasting Over a Random Network}},
  author={Swamy, Vasuki Narasimha and Bhashyam, Srikrishna and Sundaresan, Rajesh and Viswanath, Pramod},
  journal={Information Theory, IEEE Transactions on},
  volume={59},
  number={8},
  pages={5075--5087},
  year={2013},
  publisher={IEEE}
}

@inproceedings{chakaravarthy2014scalable,
  title={{Scalable single source shortest path algorithms for massively parallel systems}},
  author={Chakaravarthy, Venkatesan T and Checconi, Fabio and Petrini, Fabrizio and Sabharwal, Yogish},
  booktitle={Parallel and Distributed Processing Symposium, 2014 IEEE 28th International},
  pages={889--901},
  year={2014},
  organization={IEEE}
}

@inproceedings{shun2013ligra,
  title={{Ligra: a lightweight graph processing framework for shared memory}},
  author={Shun, Julian and Blelloch, Guy E},
  booktitle={ACM SIGPLAN Notices},
  volume={48},
  number={8},
  pages={135--146},
  year={2013},
  organization={ACM}
}

@incollection{whang2015scalable,
  title={{Scalable Data-Driven PageRank: Algorithms, System Issues, and Lessons Learned}},
  author={Whang, Joyce Jiyoung and Lenharth, Andrew and Dhillon, Inderjit S and Pingali, Keshav},
  booktitle={Euro-Par 2015: Parallel Processing},
  pages={438--450},
  year={2015},
  publisher={Springer}
}

@book{Cormen:2001:IA:580470,
  author = {Cormen, Thomas H. and Stein, Clifford and Rivest, Ronald L. and Leiserson, Charles E.},
  title = {{Introduction to Algorithms}},
  year = {2001},
  isbn = {0070131511},
  edition = {2nd},
  publisher = {McGraw-Hill Higher Education},
} 

@inproceedings{zhang2015numa,
  title={{NUMA-aware graph-structured analytics}},
  author={Zhang, Kaiyuan and Chen, Rong and Chen, Haibo},
  booktitle={Proceedings of the 20th ACM SIGPLAN Symposium on Principles and Practice of Parallel Programming},
  pages={183--193},
  year={2015},
  organization={ACM}
}

@inproceedings{bronson2013tao,
  title={{TAO: Facebook's Distributed Data Store for the Social Graph.}},
  author={Bronson, Nathan and Amsden, Zach and Cabrera, George and Chakka, Prasad and Dimov, Peter and Ding, Hui and Ferris, Jack and Giardullo, Anthony and Kulkarni, Sachin and Li, Harry C and others},
  booktitle={USENIX Annual Technical Conference},
  pages={49--60},
  year={2013}
}

@inproceedings{perez2015ringo,
  title={{Ringo: Interactive Graph Analytics on Big-Memory Machines}},
  author={Perez, Yonathan and Sosi{\v{c}}, Rok and Banerjee, Arijit and Puttagunta, Rohan and Raison, Martin and Shah, Pararth and Leskovec, Jure},
  booktitle={Proceedings of the 2015 ACM SIGMOD International Conference on Management of Data},
  pages={1105--1110},
  year={2015},
  organization={ACM}
}

@book{d2013transition,
  title={{Transition of HPC Towards Exascale Computing}},
  author={D'Hollander, Erik H},
  volume={24},
  year={2013},
  publisher={IOS Press}
}

@inproceedings{Hong:2012:GDE:2150976.2151013,
  author = {Hong, Sungpack and Chafi, Hassan and Sedlar, Edic and Olukotun, Kunle},
  title = {{Green-Marl: A DSL for Easy and Efficient Graph Analysis}},
  booktitle = {Proceedings of the Seventeenth International Conference on Architectural Support for Programming Languages and Operating Systems},
  series = {ASPLOS XVII},
  year = {2012},
  isbn = {978-1-4503-0759-8},
  location = {London, England, UK},
  pages = {349--362},
  numpages = {14},
  url = {http://doi.acm.org/10.1145/2150976.2151013},
  doi = {10.1145/2150976.2151013},
  acmid = {2151013},
  publisher = {ACM},
  address = {New York, NY, USA},
  keywords = {domain-specific language, graph, parallel programming},
} 

@article{Farzan:2013:SEA:2562345.2562632__,
  author = {Farzan, Arash and Munro, J. Ian},
  title = {{Succinct Encoding of Arbitrary Graphs}},
  journal = {Theor. Comput. Sci.},
  issue_date = {November, 2013},
  volume = {513},
  month = nov,
  year = {2013},
  issn = {0304-3975},
  pages = {38--52},
  numpages = {15},
  url = {http://dx.doi.org/10.1016/j.tcs.2013.09.031},
  doi = {10.1016/j.tcs.2013.09.031},
  acmid = {2562632},
  publisher = {Elsevier Science Publishers Ltd.},
  address = {Essex, UK},
  keywords = {Compression, Graph encoding, Succinct representation},
} 

@incollection{grossi2013design,
  title={{Design of practical succinct data structures for large data collections}},
  author={Grossi, Roberto and Ottaviano, Giuseppe},
  booktitle={Experimental Algorithms},
  pages={5--17},
  year={2013},
  publisher={Springer}
}

@article{Cheney:1970:NLC:362790.362798,
  author = {Cheney, C. J.},
  title = {{A Nonrecursive List Compacting Algorithm}},
  journal = {Commun. ACM},
  issue_date = {Nov 1970},
  volume = {13},
  number = {11},
  month = nov,
  year = {1970},
  issn = {0001-0782},
  pages = {677--678},
  numpages = {2},
  url = {http://doi.acm.org/10.1145/362790.362798},
  doi = {10.1145/362790.362798},
  acmid = {362798},
  publisher = {ACM},
  address = {New York, NY, USA},
  keywords = {LISP, compact list, garbage collection, list compacting},
} 

@inproceedings{Cuthill:1969:RBS:800195.805928,
  author = {Cuthill, E. and McKee, J.},
  title = {{Reducing the Bandwidth of Sparse Symmetric Matrices}},
  booktitle = {Proceedings of the 1969 24th National Conference},
  series = {ACM '69},
  year = {1969},
  pages = {157--172},
  numpages = {16},
  url = {http://doi.acm.org/10.1145/800195.805928},
  doi = {10.1145/800195.805928},
  acmid = {805928},
  publisher = {ACM},
  address = {New York, NY, USA},
} 

@misc{sux,
  @author={{Intel}},
  title={{Sux - Implementing Succinct Data Structures}},
  note={available at: \url{http://sux.dsi.unimi.it}},
  @month={August},
  @year={2012},
}

@misc{tbb-pp,
  author={{Michael Voss (Intel)}},
  title={{Understanding the Internals of tbb::graph : Balancing Push and Pull}},
  @note={available at: \url{https://software.intel.com/en-us/blogs/2011/05/26/understanding-the-internals-of-tbbgraph-balancing-push-and-pull}},
  @month={August},
  @year={2012},
}



@misc{succinct,
  author={{Giuseppe Ottaviano}},
  title={{Succinct library}},
  note={available at: \url{https://github.com/ot/succinct}},
  @month={August},
  @year={2012},
}

@misc{rsdic,
  author={{Daisuke Okanohara}},
  title={{rsdic - Compressed Rank Select Dictionary}},
  note={available at: \url{http://code.google.com/p/rsdic}},
  @month={August},
  @year={2012},
}

@misc{libcds,
  author={{Francisco Claude}},
  title={{libcds}},
  note={available at: \url{https://github.com/fclaude/libcds}},
  @month={August},
  @year={2012},
}


@INPROCEEDINGS{Kannan92implicitrepresentation__,
  author = {Sampath Kannan and Moni Naor and Steven Rudich},
  title = {{Implicit Representation of Graphs}},
  booktitle = {SIAM Journal On Discrete Mathematics},
  year = {1992},
  pages = {334--343}
}

@inproceedings{Malewicz:2010:PSL:1807167.1807184,
  author = {Malewicz, Grzegorz and Austern, Matthew H. and Bik, Aart J.C and Dehnert, James C. and Horn, Ilan and Leiser, Naty and Czajkowski, Grzegorz},
  title = {{Pregel: a system for large-scale graph processing}},
  booktitle = {Proc. of the ACM SIGMOD Intl. Conf. on Manag. of Data},
  series = {SIGMOD '10},
  year = {2010},
  isbn = {978-1-4503-0032-2},
  location = {Indianapolis, Indiana, USA},
  pages = {135--146},
  numpages = {12},
  url = {http://@doi.acm.org/10.1145/1807167.1807184},
  doi = {10.1145/1807167.1807184},
  acmid = {1807184},
  publisher = {ACM},
  address = {New York, NY, USA},
  keywords = {distributed computing, graph algorigthms},
}

@article{Gregor05theparallel,
  title={{The parallel BGL: A generic library for distributed graph computations}},
  author={Gregor, Douglas and Lumsdaine, Andrew},
  journal={Parallel Object-Oriented Scientific Computing (POOSC)},
  pages={2},
  year={2005},
  publisher={Citeseer}
}


@inproceedings{Seo:2010:HEM:1931470.1931872,
  author = {Seo, Sangwon and Yoon, Edward J. and Kim, Jaehong and Jin, Seongwook and Kim, Jin-Soo and Maeng, Seungryoul},
  title = {{HAMA: An Efficient Matrix Computation with the MapReduce Framework}},
  booktitle = {Intl. Conf. on Cloud Comp. Tech. and Science},
  series = {CLOUDCOM'10},
  year = {2010},
  isbn = {978-0-7695-4302-4},
  pages = {721--726},
  numpages = {6},
  url = {http://dx.doi.org/10.1109/CloudCom.2010.17},
  doi = {10.1109/CloudCom.2010.17},
  acmid = {1931872},
  publisher = {IEEE Computer Society},
  address = {Washington, DC, USA},
  keywords = {MapReduce, MPI, Scientific computing},
}

@inproceedings{Zaharia:2012:RDD:2228298.2228301,
  author = {Zaharia, Matei and Chowdhury, Mosharaf and Das, Tathagata and Dave, Ankur and Ma, Justin and McCauley, Murphy and Franklin, Michael J. and Shenker, Scott and Stoica, Ion},
  title = {{Resilient Distributed Datasets: A Fault-tolerant Abstraction for In-memory Cluster Computing}},
  booktitle = {Proc. of the USENIX Conf. on Net. Sys. Design and Impl.},
  series = {NSDI'12},
  year = {2012},
  location = {San Jose, CA},
  pages = {2--2},
  numpages = {1},
  url = {http://dl.acm.org/citation.cfm?id=2228298.2228301},
  acmid = {2228301},
  publisher = {USENIX Association},
  address = {Berkeley, CA, USA},
}

@article{low2010graphlab,
  title={{Graphlab: A new framework for parallel machine learning}},
  author={Low, Yucheng and Gonzalez, Joseph and Kyrola, Aapo and Bickson, Danny and Guestrin, Carlos and Hellerstein, Joseph M},
  journal={preprint arXiv:1006.4990},
  year={2010}
}

@inproceedings{Kulkarni:2007:OPR:1250734.1250759,
  author = {Kulkarni, Milind and Pingali, Keshav and Walter, Bruce and Ramanarayanan, Ganesh and Bala, Kavita and Chew, L. Paul},
  title = {{Optimistic parallelism requires abstractions}},
  booktitle = {ACM SIGPLAN Conf. on Prog. Lang. Des. and Impl.},
  series = {PLDI '07},
  year = {2007},
  isbn = {978-1-59593-633-2},
  location = {San Diego, California, USA},
  pages = {211--222},
  numpages = {12},
  url = {http://@doi.acm.org/10.1145/1250734.1250759},
  doi = {10.1145/1250734.1250759},
  acmid = {1250759},
  publisher = {ACM},
  address = {New York, NY, USA},
  keywords = {abstractions, irregular programs, optimistic parallelism},
}

@article{mattson2014standards,
  title={{Standards for graph algorithm primitives}},
  author={Mattson, Tim and Bader, David and Berry, Jon and Buluc, Aydin and Dongarra, Jack and Faloutsos, Christos and Feo, John and Gilbert, John and Gonzalez, Joseph and Hendrickson, Bruce and others},
  journal={arXiv preprint arXiv:1408.0393},
  year={2014}
}

@article{cplex2009v12,
  title={{V12. 1: User’s Manual for CPLEX}},
  author={CPLEX, IBM ILOG},
  journal={International Business Machines Corporation},
  volume={46},
  number={53},
  pages={157},
  year={2009}
}

@article{metis,
  title={{Metis-unstructured graph partitioning and sparse matrix ordering system, version 2.0}},
  author={Karypis, George and Kumar, Vipin},
  year={1995}
}

@inproceedings{Green:2015:BGA:2755573.2755580,
  author = {Green, Oded and Dukhan, Marat and Vuduc, Richard},
  title = {{Branch-Avoiding Graph Algorithms}},
  booktitle = {Proceedings of the 27th ACM on Symposium on Parallelism in Algorithms and Architectures},
  series = {SPAA '15},
  year = {2015},
  isbn = {978-1-4503-3588-1},
  location = {Portland, Oregon, USA},
  pages = {212--223},
  numpages = {12},
  url = {http://doi.acm.org/10.1145/2755573.2755580},
  doi = {10.1145/2755573.2755580},
  acmid = {2755580},
  publisher = {ACM},
  address = {New York, NY, USA},
  keywords = {branch prediction, code generation, connected components, performance engineering, predication},
} 


@inproceedings{Driesen:1996:DCV:236337.236369,
  author = {Driesen, Karel and H\"{o}lzle, Urs},
  title = {{The Direct Cost of Virtual Function Calls in C++}},
  booktitle = {Proceedings of the 11th ACM SIGPLAN Conference on Object-oriented Programming, Systems, Languages, and Applications},
  series = {OOPSLA '96},
  year = {1996},
  isbn = {0-89791-788-X},
  location = {San Jose, California, USA},
  pages = {306--323},
  numpages = {18},
  url = {http://doi.acm.org/10.1145/236337.236369},
  doi = {10.1145/236337.236369},
  acmid = {236369},
  publisher = {ACM},
  address = {New York, NY, USA},
} 

@book{west2001introduction,
  title={Introduction to graph theory},
  author={West, Douglas Brent and others},
  volume={2},
  year={2001},
  publisher={Prentice hall Upper Saddle River}
}

@article{Brodnik:1999:MCT:347566.347587,
  author = {Brodnik, Andrej and Munro, J. Ian},
  title = {{Membership in Constant Time  and Almost-Minimum Space}},
  journal = {SIAM J. Comput.},
  issue_date = {April/May 1999},
  volume = {28},
  number = {5},
  month = may,
  year = {1999},
  issn = {0097-5397},
  pages = {1627--1640},
  numpages = {14},
  url = {http://dx.doi.org/10.1137/S0097539795294165},
  doi = {10.1137/S0097539795294165},
  acmid = {347587},
  publisher = {Society for Industrial and Applied Mathematics},
  address = {Philadelphia, PA, USA},
  keywords = {data structures, dictionary problem, efficient algorithms hashing, information retrieval, lower bound, minimum space, search strategy},
} 


@inproceedings{Zhang:2015:NGA:2688500.2688507,
  author = {Zhang, Kaiyuan and Chen, Rong and Chen, Haibo},
  title = {{NUMA-aware Graph-structured Analytics}},
  booktitle = {Proceedings of the 20th ACM SIGPLAN Symposium on Principles and Practice of Parallel Programming},
  series = {PPoPP 2015},
  year = {2015},
  isbn = {978-1-4503-3205-7},
  location = {San Francisco, CA, USA},
  pages = {183--193},
  numpages = {11},
  url = {http://doi.acm.org/10.1145/2688500.2688507},
  doi = {10.1145/2688500.2688507},
  acmid = {2688507},
  publisher = {ACM},
  address = {New York, NY, USA},
  keywords = {Graph-structured Analytics, Non-uniform Memory Access (NUMA)},
} 

@rfc{Deutsch:1996:ZCD:RFC1950,
  author = {Deutsch, P. and Gailly, J.-L.},
  title = {{ZLIB Compressed Data Format Specification Version 3.3}},
  year = {1996},
  publisher = {RFC Editor},
  address = {United States},
} 

@inproceedings{Jacobson:1989:SST:1398514.1398646,
  author = {Jacobson, G.},
  title = {{Space-efficient Static Trees and Graphs}},
  booktitle = {Proceedings of the 30th Annual Symposium on Foundations of Computer Science},
  series = {SFCS '89},
  year = {1989},
  isbn = {0-8186-1982-1},
  pages = {549--554},
  numpages = {6},
  url = {http://dx.doi.org/10.1109/SFCS.1989.63533},
  doi = {10.1109/SFCS.1989.63533},
  acmid = {1398646},
  publisher = {IEEE Computer Society},
  address = {Washington, DC, USA},
  keywords = {data structure, static unlabeled trees, planar graphs, traversal operations, data structures, n-node trees, bits per node, bounded page number},
} 

@inproceedings{gonzalez2005practical,
  title={{Practical implementation of rank and select queries}},
  author={Gonz{\'a}lez, Rodrigo and Grabowski, Szymon and M{\"a}kinen, Veli and Navarro, Gonzalo},
  booktitle={Poster Proceedings Volume of 4th Workshop on Efficient and Experimental Algorithms (WEA)},
  pages={27--38},
  year={2005}
}

@incollection{vigna2008broadword,
  title={{Broadword implementation of rank/select queries}},
  author={Vigna, Sebastiano},
  booktitle={Experimental Algorithms},
  pages={154--168},
  year={2008},
  publisher={Springer}
}

@inproceedings{dean2009challenges,
  title={{Challenges in building large-scale information retrieval systems}},
  author={Dean, Jeffrey},
  booktitle={Keynote of the 2nd ACM International Conference on Web Search and Data Mining (WSDM)},
  year={2009}
}

@article{elias1975universal,
  title={Universal codeword sets and representations of the integers},
  author={Elias, Peter},
  journal={Information Theory, IEEE Transactions on},
  volume={21},
  number={2},
  pages={194--203},
  year={1975},
  publisher={IEEE}
}

@article{yang2015defining,
  title={Defining and evaluating network communities based on ground-truth},
  author={Yang, Jaewon and Leskovec, Jure},
  journal={Knowledge and Information Systems},
  volume={42},
  number={1},
  pages={181--213},
  year={2015},
  publisher={Springer}
}

@phdthesis{Jacobson:1988:SSD:915547,
  author = {Jacobson, Guy Joseph},
  title = {{Succinct Static Data Structures}},
  year = {1988},
  note = {AAI8918056},
  publisher = {Carnegie Mellon University},
  address = {Pittsburgh, PA, USA},
} 


@article{gog2014optimized,
  title={{Optimized succinct data structures for massive data}},
  author={Gog, Simon and Petri, Matthias},
  journal={Software: Practice and Experience},
  volume={44},
  number={11},
  pages={1287--1314},
  year={2014},
  publisher={Wiley Online Library}
}

@inproceedings{Satish:2012:LEG:2388996.2389015,
  author = {Satish, Nadathur and Kim, Changkyu and Chhugani, Jatin and Dubey, Pradeep},
  title = {{Large-scale Energy-efficient Graph Traversal: A Path to Efficient Data-intensive Supercomputing}},
  booktitle = {Proceedings of the International Conference on High Performance Computing, Networking, Storage and Analysis},
  series = {SC '12},
  year = {2012},
  isbn = {978-1-4673-0804-5},
  location = {Salt Lake City, Utah},
  pages = {14:1--14:11},
  articleno = {14},
  numpages = {11},
  url = {http://dl.acm.org/citation.cfm?id=2388996.2389015},
  acmid = {2389015},
  publisher = {IEEE Computer Society Press},
  address = {Los Alamitos, CA, USA},
} 


@article{murphy2010introducing,
  title={Introducing the graph 500},
  author={Murphy, Richard C and Wheeler, Kyle B and Barrett, Brian W and Ang, James A},
  journal={Cray User’s Group (CUG)},
  year={2010}
}

@inproceedings{Besta:2014:FTR:2600212.2600224,
  author = {Besta, Maciej and Hoefler, Torsten},
  title = {{Fault Tolerance for Remote Memory Access Programming Models}},
  booktitle = {Proceedings of the 23rd International Symposium on High-performance Parallel and Distributed Computing},
  series = {HPDC '14},
  year = {2014},
  isbn = {978-1-4503-2749-7},
  location = {Vancouver, BC, Canada},
  pages = {37--48},
  numpages = {12},
  url = {http://doi.acm.org/10.1145/2600212.2600224},
  doi = {10.1145/2600212.2600224},
  acmid = {2600224},
  publisher = {ACM},
  address = {New York, NY, USA},
  keywords = {algorithms, performance, reliability},
} 


@article{DBLP:journals/ppl/LumsdaineGHB07,
  author    = {Andrew Lumsdaine and
    Douglas Gregor and
      Bruce Hendrickson and
      Jonathan W. Berry},
  title     = {{Challenges in Parallel Graph Processing}},
  journal   = {Par. Proc. Let.},
  volume    = {17},
  number    = {1},
  year      = {2007},
  pages     = {5-20},
  ee        = {http://dx.@doi.org/10.1142/S0129626407002843},
  bibsource = {DBLP, http://dblp.uni-trier.de}
}


@article{DBLP:journals/corr/abs-0705-0552,
  author    = {Rajeev Raman and
    Venkatesh Raman and
      Srinivasa Rao Satti},
  title     = {{Succinct Indexable Dictionaries with Applications to Encoding {\textdollar}k{\textdollar}-ary
    Trees, Prefix Sums and Multisets}},
  journal   = {CoRR},
  volume    = {abs/0705.0552},
  year      = {2007},
  url       = {http://arxiv.org/abs/0705.0552},
  timestamp = {Tue, 11 Jun 2013 07:41:51 +0200},
  biburl    = {http://dblp.uni-trier.de/rec/bib/journals/corr/abs-0705-0552},
  bibsource = {dblp computer science bibliography, http://dblp.org}
}

@INPROCEEDINGS{Okanohara07practicalentropycompressed,
  author = {Daisuke Okanohara and Kunihiko Sadakane},
  title = {{Practical Entropy-Compressed Rank/Select Dictionary}},
  booktitle = {Proc. of ALENEX’07, ACM},
  year = {2007},
  publisher = {Press}
}

@INPROCEEDINGS{Claude08practicalrankselect,
  author = {Francisco Claude and Gonzalo Navarro},
  title = {{Practical rank/select queries over arbitrary sequences}},
  booktitle = {In Proc. 15th SPIRE, LNCS 5280},
  year = {2008},
  pages = {176--187}
}

@inproceedings{gbmp2014sea,
  title     = {{From Theory to Practice: Plug and Play with Succinct Data Structures}},
  author    = {Gog, Simon and Beller, Timo and Moffat, Alistair and Petri, Matthias},
  booktitle = {13th International Symposium on Experimental Algorithms, (SEA 2014)},
  year      = {2014},
  pages     = {326-337},
  ee        = {http://dx.doi.org/10.1007/978-3-319-07959-2_28}
}

@article{Chiang:2005:OST:1064628.1064937,
  author = {Chiang, Yi-Ting and Lin, Ching-Chi and Lu, Hsueh-I},
  title = {Orderly Spanning Trees with Applications},
  journal = {SIAM J. Comput.},
  issue_date = {2005},
  volume = {34},
  number = {4},
  month = apr,
  year = {2005},
  issn = {0097-5397},
  pages = {924--945},
  numpages = {22},
  url = {http://dx.doi.org/10.1137/S0097539702411381},
  doi = {10.1137/S0097539702411381},
  acmid = {1064937},
  publisher = {Society for Industrial and Applied Mathematics},
  address = {Philadelphia, PA, USA},
  keywords = {canonical ordering, data compression, graph drawing, graph encoding, orderly spanning tree, planar graph algorithm, realizer, succinct data structure, triangulation, unit-cost RAM model, visibility representation},
} 

@misc{succ-category,
  author = {Erik Demaine},
  title = {{Advanced Data Structures}},
  year = {2012},
  note = {Lecture Notes},
}

@inproceedings{Yamanaka:2008:CEP:1787651.1787667,
  author = {Yamanaka, Katsuhisa and Nakano, Shin-Ichi},
  title = {A Compact Encoding of Plane Triangulations with Efficient Query Supports},
  booktitle = {Proceedings of the 2Nd International Conference on Algorithms and Computation},
  series = {WALCOM'08},
  year = {2008},
  isbn = {3-540-77890-X, 978-3-540-77890-5},
  location = {Dhaka, Bangladesh},
  pages = {120--131},
  numpages = {12},
  url = {http://dl.acm.org/citation.cfm?id=1787651.1787667},
  acmid = {1787667},
  publisher = {Springer-Verlag},
  address = {Berlin, Heidelberg},
} 

@article{Munro:2002:SRB:586840.586885,
  author = {Munro, J. Ian and Raman, Venkatesh},
  title = {Succinct Representation of Balanced Parentheses and Static Trees},
  journal = {SIAM J. Comput.},
  issue_date = {2001},
  volume = {31},
  number = {3},
  month = mar,
  year = {2002},
  issn = {0097-5397},
  pages = {762--776},
  numpages = {15},
  url = {http://dx.doi.org/10.1137/S0097539799364092},
  doi = {10.1137/S0097539799364092},
  acmid = {586885},
  publisher = {Society for Industrial and Applied Mathematics},
  address = {Philadelphia, PA, USA},
  keywords = {abstract data type, balanced parenthesis, binary trees, planar graphs, rooted ordered trees, succinct representation},
} 


@inproceedings{Jansson:2007:URO:1283383.1283445,
  author = {Jansson, Jesper and Sadakane, Kunihiko and Sung, Wing-Kin},
  title = {Ultra-succinct Representation of Ordered Trees},
  booktitle = {Proceedings of the Eighteenth Annual ACM-SIAM Symposium on Discrete Algorithms},
  series = {SODA '07},
  year = {2007},
  isbn = {978-0-898716-24-5},
  location = {New Orleans, Louisiana},
  pages = {575--584},
  numpages = {10},
  url = {http://dl.acm.org/citation.cfm?id=1283383.1283445},
  acmid = {1283445},
  publisher = {Society for Industrial and Applied Mathematics},
  address = {Philadelphia, PA, USA},
} 

@inproceedings{arroyuelo2010succinct,
  title={Succinct Trees in Practice.},
  author={Arroyuelo, Diego and C{\'a}novas, Rodrigo and Navarro, Gonzalo and Sadakane, Kunihiko},
  booktitle={ALENEX},
  pages={84--97},
  year={2010},
  organization={SIAM}
}

@incollection{succinct_bound,
  year={2010},
  isbn={978-3-642-13508-8},
  booktitle={Combinatorial Pattern Matching},
  volume={6129},
  series={Lecture Notes in Computer Science},
  editor={Amir, Amihood and Parida, Laxmi},
  doi={10.1007/978-3-642-13509-5_13},
  title={Succinct Representations of Separable Graphs},
  url={http://dx.doi.org/10.1007/978-3-642-13509-5_13},
  publisher={Springer Berlin Heidelberg},
  author={Blelloch, GuyE. and Farzan, Arash},
  pages={138-150},
  language={English}
}

@article{Farzan:2013:SEA:2562345.2562632,
  author = {Farzan, Arash and Munro, J. Ian},
  title = {Succinct Encoding of Arbitrary Graphs},
  journal = {Theor. Comput. Sci.},
  issue_date = {November, 2013},
  volume = {513},
  month = nov,
  year = {2013},
  issn = {0304-3975},
  pages = {38--52},
  numpages = {15},
  url = {http://dx.doi.org/10.1016/j.tcs.2013.09.031},
  doi = {10.1016/j.tcs.2013.09.031},
  acmid = {2562632},
  publisher = {Elsevier Science Publishers Ltd.},
  address = {Essex, UK},
  keywords = {Compression, Graph encoding, Succinct representation},
} 


@incollection{labeled,
  year={2007},
  isbn={978-3-540-77118-0},
  booktitle={Algorithms and Computation},
  volume={4835},
  series={Lecture Notes in Computer Science},
  editor={Tokuyama, Takeshi},
  doi={10.1007/978-3-540-77120-3_29},
  title={Succinct Representation of Labeled Graphs},
  url={http://dx.doi.org/10.1007/978-3-540-77120-3_29},
  publisher={Springer Berlin Heidelberg},
  author={Barbay, Jérémy and Castelli Aleardi, Luca and He, Meng and Munro, J.Ian},
  pages={316-328},
  language={English}
}

@incollection{suc,
  year={2010},
  isbn={978-3-642-13508-8},
  booktitle={Combinatorial Pattern Matching},
  volume={6129},
  series={Lecture Notes in Computer Science},
  editor={Amir, Amihood and Parida, Laxmi},
  doi={10.1007/978-3-642-13509-5_13},
  title={Succinct Representations of Separable Graphs},
  url={http://dx.doi.org/10.1007/978-3-642-13509-5_13},
  publisher={Springer Berlin Heidelberg},
  author={Blelloch, GuyE. and Farzan, Arash},
  pages={138-150},
  language={English}
}

@inproceedings{Blandford:2003:CRS:644108.644219,
  author = {Blandford, Daniel K. and Blelloch, Guy E. and Kash, Ian A.},
  title = {Compact Representations of Separable Graphs},
  booktitle = {Proceedings of the Fourteenth Annual ACM-SIAM Symposium on Discrete Algorithms},
  series = {SODA '03},
  year = {2003},
  isbn = {0-89871-538-5},
  location = {Baltimore, Maryland},
  pages = {679--688},
  numpages = {10},
  url = {http://dl.acm.org/citation.cfm?id=644108.644219},
  acmid = {644219},
  publisher = {Society for Industrial and Applied Mathematics},
  address = {Philadelphia, PA, USA},
} 


@article{abts2011cray,
  title={{Cray XT4 and Seastar 3-D Torus Interconnect}},
  author={Abts, Dennis},
  journal={Encyclopedia of Parallel Computing},
  pages={470--477},
  year={2011},
  publisher={Springer}
}

@article{dongarra2013visit,
  title={{Visit to the National University for Defense Technology Changsha, China}},
  author={Dongarra, Jack},
  journal={Oak Ridge National Laboratory, Tech. Rep., June},
  year={2013}
}

@inproceedings{Yuan:2013:NRS:2503210.2503229,
  author = {Yuan, Xin and Mahapatra, Santosh and Nienaber, Wickus and Pakin, Scott and Lang, Michael},
  title = {{A New Routing Scheme for Jellyfish and Its Performance with HPC Workloads}},
  booktitle = {Proceedings of 2013 ACM/IEEE Supercomputing},
  series = {SC '13},
  year = {2013},
  isbn = {978-1-4503-2378-9},
  @location = {Denver, Colorado},
  pages = {36:1--36:11},
  articleno = {36},
  numpages = {11},
  @url = {http://doi.acm.org/10.1145/2503210.2503229},
  @doi = {10.1145/2503210.2503229},
  @acmid = {2503229},
  @publisher = {ACM},
  @address = {New York, NY, USA},
  @keywords = {HPC workload, fat-tree, interconnects, jellyfish, performance},
} 

@manual{mellanox_director,
  author={R. Barriuso and A. Knies},
  title={{108-Port InfiniBand FDR SwitchX Switch Platform Hardware User Manual}},
  publisher={Mellanox Technologies},
  @month=aug,
  year={2014},
}

@inproceedings{Chen:2012:LUH:2388996.2389090,
  author = {Chen, Dong and Eisley, Noel and Heidelberger, Philip and Kumar, Sameer and Mamidala, Amith and Petrini, Fabrizio and Senger, Robert and Sugawara, Yutaka and Walkup, Robert and Steinmacher-Burow, Burkhard and Choudhury, Anamitra and Sabharwal, Yogish and Singhal, Swati and Parker, Jeffrey J.},
  title = {{Looking Under the Hood of the IBM Blue Gene/Q Network}},
  booktitle = {Proceedings of the ACM/IEEE Supercomputing},
  series = {SC '12},
  year = {2012},
  isbn = {978-1-4673-0804-5},
  location = {Salt Lake City, Utah},
  pages = {69:1--69:12},
  articleno = {69},
  numpages = {12},
  url = {http://dl.acm.org/citation.cfm?id=2388996.2389090},
  acmid = {2389090},
  publisher = {IEEE Computer Society Press},
  address = {Los Alamitos, CA, USA},
  keywords = {Blue Gene, GUPS, interconnection network, network performance, network routing},
} 

@article{Tiyyagura:2008:TSP:1361718.1361719,
  author = {Tiyyagura, S.R. and Adamidis, P. and Rabenseifner, R. and Lammers, P. and Borowski, S. and Lippold, F. and Svensson, F. and Marxen, O. and Haberhauer, S. and Seitsonen, A.P. and Furthm\"{u}ller, J. and Benkert, K. and Galle, M. and B\"{o}nisch, T. and K\"{u}ster, U. and Resch, M.M.},
  title = {{Teraflops Sustained Performance With Real World Applications}},
  journal = {Int. J. High Perform. Comput. Appl.},
  issue_date = {May 2008},
  volume = {22},
  number = {2},
  month = may,
  year = {2008},
  issn = {1094-3420},
  pages = {131--148},
  numpages = {18},
  @url = {http://dx.doi.org/10.1177/1094342007085017},
  @doi = {10.1177/1094342007085017},
  @acmid = {1361719},
  @publisher = {Sage Publications, Inc.},
  @address = {Thousand Oaks, CA, USA},
  @keywords = {CFD, HPC Challenge, NEC SX-8, ab initio molecular dynamics, benchmarking},
} 


@INPROCEEDINGS{4228210, 
  author={Gomez, C. and Gilabert, F. and Gomez, M.E. and Lopez, P. and Duato, J.}, 
  booktitle={Parallel and Distributed Processing Symposium, 2007. IPDPS 2007. IEEE International}, 
  title={Deterministic versus Adaptive Routing in Fat-Trees}, 
  year={2007}, 
  month={March}, 
  pages={1-8}, 
  keywords={multistage interconnection networks;telecommunication network routing;telecommunication network topology;telecommunication traffic;trees (mathematics);PC clusters;adaptive routing;deterministic routing algorithm;fat-tree topology;interconnection networks;packet delivery;Adaptive systems;Computer networks;High performance computing;Multiprocessor interconnection networks;Network topology;Personal communication networks;Routing;Telecommunication traffic;Throughput;Traffic control}, 
  doi={10.1109/IPDPS.2007.370482},}

  @article{lidl1997finite,
    title={{Finite Fields: Encyclopedia of Mathematics and Its Applications.}},
    author={Lidl, Rudolf and Niederreiter, Harald},
    journal={Computers \& Mathematics with Applications},
    volume={33},
    number={7},
    pages={136--136},
    year={1997},
    publisher={Elsevier Science}
  }

@inproceedings{NiranjanMysore:2009:PSF:1592568.1592575,
  author = {Niranjan Mysore, Radhika and Pamboris, Andreas and Farrington, Nathan and Huang, Nelson and Miri, Pardis and Radhakrishnan, Sivasankar and Subramanya, Vikram and Vahdat, Amin},
  title = {{PortLand: A Scalable Fault-tolerant Layer 2 Data Center Network Fabric}},
  booktitle = {{Proceedings of the ACM SIGCOMM 2009 Conference on Data Communication}},
  series = {SIGCOMM '09},
  year = {2009},
  isbn = {978-1-60558-594-9},
  location = {Barcelona, Spain},
  pages = {39--50},
  numpages = {12},
  @url = {http://doi.acm.org/10.1145/1592568.1592575},
  doi = {10.1145/1592568.1592575},
  acmid = {1592575},
  publisher = {ACM},
  address = {New York, NY, USA},
  keywords = {data center network fabric, layer 2 routing in data centers},
} 

@inproceedings{Singla:2012:JND:2228298.2228322,
  author = {Singla, Ankit and Hong, Chi-Yao and Popa, Lucian and Godfrey, P. Brighten},
  title = {{Jellyfish: networking data centers randomly}},
  booktitle = {{Proceedings of the 9th USENIX conference on Networked Systems Design and Implementation}},
  series = {NSDI'12},
  year = {2012},
  location = {San Jose, CA},
  pages = {17--17},
  numpages = {1},
  @url = {http://dl.acm.org/citation.cfm?id=2228298.2228322},
  acmid = {2228322},
  publisher = {USENIX Association},
  address = {Berkeley, CA, USA},
} 

@manual{broadcom_nic,
  author={Broadcom},
  title={{10/100/1000Base-T Controller with Integrated Transceiver}},
  @publisher={Cray Research Inc.},
  @month=aug,
  year={2009},
}

@article{Hafner2004223,
  title = {{Geometric realisation of the graphs of McKay–Miller–Širáň}},
  journal = "Journal of Combinatorial Theory, Series B ",
  volume = "90",
  number = "2",
  pages = "223 - 232",
  year = "2004",
  note = "",
  issn = "0095-8956",
  doi = "http://dx.doi.org/10.1016/j.jctb.2003.07.002",
  @url = "http://www.sciencedirect.com/science/article/pii/S0095895603000868",
  author = "Paul R. Hafner",
  keywords = "McKay–Miller–Širáň graphs",
  keywords = "Hoffman–Singleton graph",
  keywords = "Biaffine plane",
  keywords = "Graph automorphisms "
}


@ARTICLE{2013arXiv1301.4177T,
  author = {{Tomic}, R.~V.},
  title = "{Network Throughput Optimization via Error Correcting Codes}",
  journal = {ArXiv e-prints},
  archivePrefix = "arXiv",
  eprint = {1301.4177},
  primaryClass = "cs.IT",
  keywords = {Computer Science - Information Theory, Computer Science - Discrete Mathematics, Computer Science - Networking and Internet Architecture, 94C10},
  year = 2013,
  month = jan,
  adsurl = {http://adsabs.harvard.edu/abs/2013arXiv1301.4177T},
  adsnote = {Provided by the SAO/NASA Astrophysics Data System}
}


@book{lamport94,
  author    = "Leslie Lamport",
  title     = "{\LaTeX: A Document Preparation System}",
  year      = "1994",
  publisher = "Addison-Wesley",
  edition = "2nd",
  address   = "Reading, Massachusetts"
}

@inproceedings{dally08,
  author = {Kim, John and Dally, Wiliam J. and Scott, Steve and Abts, Dennis},
  title = {{Technology-Driven, Highly-Scalable Dragonfly Topology}},
  booktitle = {Proceedings of the 35th Annual International Symposium on Computer Architecture},
  series = {ISCA '08},
  year = {2008},
  isbn = {978-0-7695-3174-8},
  pages = {77--88},
  numpages = {12},
  @url = {http://dx.doi.org/10.1109/ISCA.2008.19},
  doi = {10.1109/ISCA.2008.19},
  acmid = {1382129},
  publisher = {IEEE Computer Society},
  address = {Washington, DC, USA},
  keywords = {interconnection networks, topology, dragonfly},
} 

@inproceedings{dally07,
  author = {Kim, John and Dally, William J. and Abts, Dennis},
  title = {{Flattened Butterfly: A Cost-efficient Topology for High-radix Networks}},
  booktitle = {Proceedings of the 34th Annual International Symposium on Computer Architecture},
  series = {ISCA '07},
  year = {2007},
  isbn = {978-1-59593-706-3},
  location = {San Diego, California, USA},
  pages = {126--137},
  numpages = {12},
  @url = {http://doi.acm.org/10.1145/1250662.1250679},
  doi = {10.1145/1250662.1250679},
  acmid = {1250679},
  publisher = {ACM},
  address = {New York, NY, USA},
  keywords = {cost model, flattened butterfly, global adaptive routing, high-radix routers, interconnection networks, topology},
} 

@inproceedings{Kim:2007:FBT:1331699.1331717,
  author = {Kim, John and Balfour, James and Dally, William},
  title = {{Flattened Butterfly Topology for On-Chip Networks}},
  booktitle = {Proceedings of the 40th Annual IEEE/ACM International Symposium on Microarchitecture},
  series = {MICRO 40},
  year = {2007},
  isbn = {0-7695-3047-8},
  pages = {172--182},
  numpages = {11},
  url = {http://dx.doi.org/10.1109/MICRO.2007.15},
  doi = {10.1109/MICRO.2007.15},
  acmid = {1331717},
  publisher = {IEEE Computer Society},
  address = {Washington, DC, USA},
} 

inproceedings{dally08,
  author    = "John Kim and William J. Dally and Steve Scott and Dennis Abts",
  title     = "Technology-Driven, Highly-Scalable Dragonfly Topology",
  year = "2008",
  booktitle = "International Symposium on Computer Architecture"
}

inproceedings{dally07,
  author    = "John Kim and William J. Dally and Dennis Abts",
  title     = "Flattened Butterfly: A Cost-Efficient Topology for High-Radix Networks",
  year = "2007",
  booktitle = "International Symposium on Computer Architecture"
}

@article{mckay98,
  author    = "Brendan D. McKay and Mirka Miller and Jozef \v{S}ir\'{a}n",
  title     = "A note on Large Graphs of Diameter Two and Given Maximum Degree",
  journal = "Journal of Combinatorial Theory, Series B",
  volume = "74",
  number = "1",
  pages = "110 - 118",
  year = "1998",
  note = "",
  issn = "0095-8956",
  doi = "10.1006/jctb.1998.1828",
}

@article{siagiova01,
  author    = "Jana \v{S}iagiov\'{a}",
  title     = {{A Note on the McKay-Miller-\v{S}ir\'{a}n Graphs}},
  journal = "Journal of Combinatorial Theory, Series B",
  volume = "81",
  pages = "205-208",
  year = "2001",
  note = ""
}

@article{miller2005,
  title={{Moore graphs and beyond: A survey of the degree/diameter problem}},
  author={Mirka Miller and Jozef {\v{S}}ir{\'a}n},
  journal={Electronic Journal of Combinatorics},
  volume={61},
  pages={1--63},
  year={2005}
}

@article{bermond82,
  title={{Large graphs with given degree and diameter III}},
  author={J.C. Bermond and C. Delorme and G. Farhi},
  journal={Annals of Discrete Mathematics},
  volume={13},
  pages={23--32},
  year={1982}
}

@article{delorme85,
  title={{Grands Graphes de Degr\'{e}e et Diam\`{e}tre Donn\'{e}s}},
  author={C. Delorme},
  journal={Europ. J. Combinatorics},
  volume={6},
  pages={291--302},
  year={1985}
}

@article{karypis99,
  title={{A Fast and Highly Quality Multilevel Scheme for Partitioning Irregular Graphs}},
  author={George Karypis and Vipin Kumar},
  journal={SIAM Journal on Scientific Computing},
  volume={20},
  pages={359--392},
  year={1999}
}

@article{valiant1982scheme,
  title={{A scheme for fast parallel communication}},
  author={Valiant, L.G.},
  journal={SIAM journal on computing},
  volume={11},
  number={2},
  pages={350--361},
  year={1982},
  publisher={SIAM}
}

@phdthesis{ugal2005scheme,
  title={{Load-Balanced Routing in Interconnection Networks}},
  author={A. Singh},
  school={Stanford University},
  year={2005},
}


@article{online:degreediam,
  title={{A resource for the Degree-Diameter Problem}},
  url={http://combgraph.upc.edu/resources}
}

@inproceedings{DBLP:conf/isca/KoibuchiMAHC12,
  author    = {Michihiro Koibuchi and
    Hiroki Matsutani and
      Hideharu Amano and
      D. Frank Hsu and
      Henri Casanova},
  title     = {{A case for random shortcut topologies for HPC interconnects}},
  booktitle = {{ISCA'12}},
  year      = {2012},
  pages     = {177-188},
  ee        = {http://dx.doi.org/10.1109/ISCA.2012.6237016},
  crossref  = {DBLP:conf/isca/2012},
  bibsource = {DBLP, http://dblp.uni-trier.de}
}
@proceedings{DBLP:conf/isca/2012,
  title     = {39th International Symposium on Computer Architecture (ISCA
      2012), June 9-13, 2012, Portland, OR, USA},
  booktitle = {{ISCA}},
  publisher = {IEEE},
  year      = {2012},
  ee        = {http://ieeexplore.ieee.org/xpl/mostRecentIssue.jsp?punumber=6230820},
  bibsource = {DBLP, http://dblp.uni-trier.de}
}

@article{Flich:2012:SET:2360762.2361136,
  author = {Flich, Jose and Skeie, Tor and Mejia, Andres and Lysne, Olav and Lopez, Pedro and Robles, Antonio and Duato, Jose and Koibuchi, Michihiro and Rokicki, Tomas and Sancho, Jose Carlos},
  title = {{A Survey and Evaluation of Topology-Agnostic Deterministic Routing Algorithms}},
  journal = {IEEE Trans. Parallel Distrib. Syst.},
  issue_date = {March 2012},
  volume = {23},
  number = {3},
  month = mar,
  year = {2012},
  issn = {1045-9219},
  pages = {405--425},
  numpages = {21},
  doi = {10.1109/TPDS.2011.190},
  acmid = {2361136},
  publisher = {IEEE Press},
  address = {Piscataway, NJ, USA},
  keywords = {Interconnection networks, routing algorithms, topology-agnostic routing.},
} 
@inproceedings{domke-hoefler-dfsssp,
  author={J. Domke and T. Hoefler and W. Nagel},
  title={{Deadlock-Free Oblivious Routing for Arbitrary Topologies}},
  year={2011},
  month={May},
  pages={613--624},
  booktitle={{Proceedings of the 25th IEEE International Parallel and Distributed Processing Symposium (IPDPS)}},
  location={Anchorage, AL, USA},
  publisher={IEEE Computer Society},
  isbn={0-7695-4385-7},
  source={http://www.unixer.de/~htor/publications/},
}


@ARTICLE{Dally90performanceanalysis,
  author = {William J. Dally},
  title = {{Performance Analysis of k-ary n-cube Interconnection Networks}},
  journal = {IEEE Transactions on Computers},
  year = {1990},
  volume = {39},
  pages = {775--785}
}

@inproceedings{Alverson:2010:GSI:1901617.1902283,
  author = {Alverson, Robert and Roweth, Duncan and Kaplan, Larry},
  title = {{The Gemini System Interconnect}},
  booktitle = {{Proceedings of the 2010 18th IEEE Symposium on High Performance Interconnects}},
  series = {HOTI '10},
  year = {2010},
  isbn = {978-0-7695-4208-9},
  pages = {83--87},
  numpages = {5},
  doi = {10.1109/HOTI.2010.23},
  acmid = {1902283},
  publisher = {IEEE Computer Society},
  address = {Washington, DC, USA},
} 

@inproceedings{Chen:2011:IBG:2063384.2063419,
  author = {Chen, Dong and Eisley, Noel A. and Heidelberger, Philip and Senger, Robert M. and Sugawara, Yutaka and Kumar, Sameer and Salapura, Valentina and Satterfield, David L. and Steinmacher-Burow, Burkhard and Parker, Jeffrey J.},
  title = {{The IBM Blue Gene/Q Interconnection Network and Message Unit}},
  booktitle = {{Proceedings of 2011 ACM/IEEE Supercomputing}},
  series = {SC '11},
  year = {2011},
  isbn = {978-1-4503-0771-0},
  location = {Seattle, Washington},
  pages = {26:1--26:10},
  articleno = {26},
  numpages = {10},
  doi = {10.1145/2063384.2063419},
  acmid = {2063419},
  publisher = {ACM},
  address = {New York, NY, USA},
  keywords = {interconnect technologies, network interface architecture, parallel computer architecture, router architecture, routing algorithms and techniques},
} 

@misc{pleiades,
  author = {Ruediger Wolf},
  title = {{Nasa Pleiades Infiniband Communications Network}},
  year = {2009},
  note = {Intl. ACM Symposium on High Performance Distributed Computing},
}

@techreport{Petrini:1995:KNH:898131,
  author = {Petrini, Fabrizio and Vanneschi, Marco},
  title = {{K-ary N-trees: High Performance Networks for Massively Parallel Architectures}},
  year = {1995},
  publisher = {University of Pisa},
} 

@inproceedings{geoffray-adaptive-routing,
  author={P. Geoffray and T. Hoefler},
  title={{Adaptive Routing Strategies for Modern High Performance Networks}},
  year={2008},
  month={Aug.},
  pages={165-172},
  booktitle={{16th Annual IEEE Symposium on High Performance Interconnects, HOTI'08}},
  location={Stanford, CA, USA},
  publisher={IEEE Computer Society},
  isbn={978-0-7695-3380-3},
  source={http://www.unixer.de/~htor/publications/},
}

@incollection{Gopal:1994:PSD:201173.201226,
  author = {Gopal, Inder S.},
  chapter = {{Prevention of Store-and-forward Deadlock in Computer Networks}},
  title = {{Interconnection Networks for High-performance Parallel Computers}},
  editor = {Scherson, Isaac D. and Youssef, Abdou S.},
  year = {1994},
  isbn = {0-8186-6197-6},
  pages = {338--344},
  numpages = {7},
  url = {http://dl.acm.org/citation.cfm?id=201173.201226},
  acmid = {201226},
  publisher = {IEEE Computer Society Press},
  address = {Los Alamitos, CA, USA},
} 

@book{Duato:2002:INE:572400,
  author = {Duato, Jose and Yalamanchili, Sudhakar and Lionel, Ni},
  title = {Interconnection Networks: An Engineering Approach},
  year = {2002},
  isbn = {1558608524},
  publisher = {Morgan Kaufmann Publishers Inc.},
  address = {San Francisco, CA, USA},
} 

@inproceedings{Scott:2006:BHC:1135775.1136488,
  author = {Scott, Steve and Abts, Dennis and Kim, John and Dally, William J.},
  title = {{The BlackWidow High-Radix Clos Network}},
  booktitle = {{Proceedings of the 33rd annual International Symposium on Computer Architecture}},
  series = {ISCA '06},
  year = {2006},
  isbn = {0-7695-2608-X},
  pages = {16--28},
  numpages = {13},
  doi = {10.1109/ISCA.2006.40},
  acmid = {1136488},
  publisher = {IEEE Computer Society},
  address = {Washington, DC, USA},
} 

@inproceedings{Arimilli:2010:PHI:1901617.1902282,
  author = {Arimilli, Baba and others},
  title = {{The PERCS High-Performance Interconnect}},
  booktitle = {{Proceedings of the 2010 18th IEEE Symposium on High Performance Interconnects}},
  series = {HOTI '10},
  year = {2010},
  isbn = {978-0-7695-4208-9},
  pages = {75--82},
  numpages = {8},
  doi = {10.1109/HOTI.2010.16},
  acmid = {1902282},
  publisher = {IEEE Computer Society},
  address = {Washington, DC, USA},
  keywords = {interconnect, topology, high-performance computing},
} 

@inproceedings{Abts:2010:EPD:1815961.1816004,
  author = {Abts, Dennis and Marty, Michael R. and Wells, Philip M. and Klausler, Peter and Liu, Hong},
  title = {{Energy Proportional Datacenter Networks}},
  booktitle = {{Proceedings of the 37th Annual International Symposium on Computer Architecture}},
  series = {ISCA '10},
  year = {2010},
  isbn = {978-1-4503-0053-7},
  location = {Saint-Malo, France},
  pages = {338--347},
  numpages = {10},
  doi = {10.1145/1815961.1816004},
  acmid = {1816004},
  publisher = {ACM},
  address = {New York, NY, USA},
  keywords = {datacenter networks, interconnection networks, low-power networking},
} 

@article{Duato:1995:NSC:628929.629385,
  author = {Duato, Jos{\'e}},
  title = {{A Necessary and Sufficient Condition for Deadlock-Free Adaptive Routing in Wormhole Networks}},
  journal = {IEEE Trans. Parallel Distrib. Syst.},
  issue_date = {October 1995},
  volume = {6},
  number = {10},
  month = oct,
  year = {1995},
  issn = {1045-9219},
  pages = {1055--1067},
  numpages = {13},
  doi = {10.1109/71.473515},
  acmid = {629385},
  publisher = {IEEE Press},
  address = {Piscataway, NJ, USA},
  keywords = {Adaptive routing, deadlock avoidance, multicomputers, virtual channels, wormhole.},
} 

@article{Dally:1987:DMR:33006.33010,
  author = {Dally, W. J. and Seitz, C. L.},
  title = {{Deadlock-Free Message Routing in Multiprocessor Interconnection Networks}},
  journal = {IEEE Trans. Comput.},
  issue_date = {May 1987},
  volume = {36},
  number = {5},
  month = may,
  year = {1987},
  issn = {0018-9340},
  pages = {547--553},
  numpages = {7},
  doi = {10.1109/TC.1987.1676939},
  acmid = {33010},
  publisher = {IEEE Computer Society},
  address = {Washington, DC, USA},
  keywords = {Communication networks, concurrent computation, graph model, interconnection networks, message passing multiprocessors, parallel processing, parallel processing, Communication networks, concurrent computation, graph model, interconnection networks, message passing multiprocessors},
} 


@ARTICLE{Schroeder91autonet:a,
  author = {Michael D. Schroeder and Andrew D. Birrell and Michael Burrows and Hal Murray and Roger M. Needham and Thomas L. Rodeheffer and Edwin H. Satterthwaite and Charles P. Thacker},
  title = {{Autonet: a High-speed, Self-configuring Local Area Network Using Point-to-point Links}},
  journal = {IEEE Journal on Selected Areas in Communications},
  year = {1991},
  volume = {9}
}

@inproceedings{Kinsy:2009:ADO:1555754.1555782,
  author = {Kinsy, Michel A. and Cho, Myong Hyon and Wen, Tina and Suh, Edward and van Dijk, Marten and Devadas, Srinivas},
  title = {{Application-aware deadlock-free oblivious routing}},
  booktitle = {{Proceedings of the 36th Annual International Symposium on Computer Architecture}},
  series = {ISCA '09},
  year = {2009},
  isbn = {978-1-60558-526-0},
  location = {Austin, TX, USA},
  pages = {208--219},
  numpages = {12},
  doi = {10.1145/1555754.1555782},
  acmid = {1555782},
  publisher = {ACM},
  address = {New York, NY, USA},
  keywords = {oblivious routing, on-chip interconnection networks, systems-on-chip},
} 

@inproceedings{jiang2013detailed,
  title={A detailed and flexible cycle-accurate network-on-chip simulator},
  author={Jiang, Nan and Becker, Daniel U and Michelogiannakis, George and Balfour, James and Towles, Brian and Shaw, David E and Kim, John and Dally, William J},
  booktitle={Performance Analysis of Systems and Software (ISPASS), 2013 IEEE International Symposium on},
  pages={86--96},
  year={2013},
  organization={IEEE}
}

@article{Silla:2000:HRN:352330.352346,
  author = {Silla, Federico and Duato, Jos{\'e}},
  title = {{High-Performance Routing in Networks of Workstations with Irregular Topology}},
  journal = {IEEE Trans. Parallel Distrib. Syst.},
  issue_date = {July 2000},
  volume = {11},
  number = {7},
  month = jul,
  year = {2000},
  issn = {1045-9219},
  pages = {699--719},
  numpages = {21},
  doi = {10.1109/71.877816},
  acmid = {352346},
  publisher = {IEEE Press},
  address = {Piscataway, NJ, USA},
  keywords = {Networks of workstations, irregular topologies, wormhole switching, deadlock avoidance, adaptive routing.},
} 

@book{Bollobas01:random_graphs,
  author = {B. Bollobas},
  editor = {W. Fulton and A. Katok and F. Kirwan and P. Sarnak and B. Simon and B. Totaro},
  publisher = {Cambridge University Press},
  title = {{Random Graphs}},
  year = 2001,
}


@inproceedings{DBLP:conf/sc/FaanesBRCFAJKHR12,
  author    = {Greg Faanes and
    Abdulla Bataineh and
      Duncan Roweth and
      Tom Court and
      Edwin Froese and
      Robert Alverson and
      Tim Johnson and
      Joe Kopnick and
      Mike Higgins and
      James Reinhard},
  title     = {{Cray cascade: a scalable HPC system based on a Dragonfly
    network}},
  booktitle = {{SC}},
  year      = {2012},
  pages     = {103},
  crossref  = {DBLP:conf/sc/2012},
  bibsource = {DBLP, http://dblp.uni-trier.de}
}
@proceedings{DBLP:conf/sc/2012,
  title     = {SC Conference on High Performance Computing Networking,
    Storage and Analysis, SC '12, Salt Lake City, UT, USA -
      November 11 - 15, 2012},
  booktitle = {{Supercomputing (SC 2012)}},
  publisher = {IEEE/ACM},
  year      = {2012},
  isbn      = {978-1-4673-0804-5},
  bibsource = {DBLP, http://dblp.uni-trier.de}
}

@inproceedings{Jiang:2009:IAR:1555754.1555783,
  author = {Jiang, Nan and Kim, John and Dally, William J.},
  title = {{Indirect Adaptive Routing on Large Scale Interconnection Networks}},
  booktitle = {{Proceedings of the 36th Annual International Symposium on Computer Architecture}},
  series = {ISCA '09},
  year = {2009},
  isbn = {978-1-60558-526-0},
  location = {Austin, TX, USA},
  pages = {220--231},
  numpages = {12},
  doi = {10.1145/1555754.1555783},
  acmid = {1555783},
  publisher = {ACM},
  address = {New York, NY, USA},
  keywords = {dragonfly, interconnection networks, routing},
} 

@book{Dally:2003:PPI:995703,
  author = {Dally, William and Towles, Brian},
  title = {{Principles and Practices of Interconnection Networks}},
  year = {2003},
  isbn = {0122007514},
  publisher = {Morgan Kaufmann Publishers Inc.},
  address = {San Francisco, CA, USA},
} 

@article{Leiserson:1985:FUN:4492.4495,
  author = {Leiserson, Charles E.},
  title = {{Fat-trees: universal networks for hardware-efficient supercomputing}},
  journal = {IEEE Trans. Comput.},
  issue_date = {Oct. 1985},
  volume = {34},
  number = {10},
  month = oct,
  year = {1985},
  issn = {0018-9340},
  pages = {892--901},
  numpages = {10},
  acmid = {4495},
  publisher = {IEEE Computer Society},
  address = {Washington, DC, USA},
} 


@inproceedings{Pippenger:1992:FCN:140901.141867,
  author = {Pippenger, Nicholas and Lin, Geng},
  title = {{Fault-tolerant circuit-switching networks}},
  booktitle = {{Proceedings of the Fourth Annual ACM Symposium on Parallel Algorithms and Architectures}},
  series = {SPAA '92},
  year = {1992},
  isbn = {0-89791-483-X},
  location = {San Diego, California, United States},
  pages = {229--235},
  numpages = {7},
  doi = {10.1145/140901.141867},
  acmid = {141867},
  publisher = {ACM},
  address = {New York, NY, USA},
} 

